4798 6260
1299 454 1476 516 ‚82-

764 595 906 659 Domino.
927 597 983 659 lln.
1003 596 1243 680 Christophoro.
1258 599 1270 675 Ι
1285 596 1397 661 (lumiti
1415 597 1561 660 Palatino
1578 596 1618 661 ad
1636 597 1793 669 Rhenum,
1814 598 1892 678 lta-l
1903 579 2064 681 uariaeiiue
2081 598 2160 663 Duci

764 697 826 769 &a
844 703 959 783 Dum-s
973 703 1026 766 inu
1049 723 1106 768 suo
1130 703 1319 768 clementiss.
1334 707 1347 786 Ι
1361 703 1555 769 Franciscus
1575 704 1764 789 Stephanus,
1782 703 2016 790 Typographus
2032 704 2061 768 S.
2077 708 2089 785 Ι
2104 707 2159 786 .·.Ι

763 828 855 893 quem
872 811 960 875 mitto
976 810 1043 884 tibi,
1061 831 1178 896 precor
1196 812 1412 876 illustrissime
1420 815 1433 892 Ι
1444 813 1633 896 Princepsl
1642 812 1801 897 Exiguum
1818 811 1893 876 laeta
1909 813 2033 896 suscipe
2052 809 2159 876 fronte

764 917 859 981 Hune
882 916 1007 982 librum.
1023 918 1163 1002 [Meque
1186 923 1256 984 tuos
1278 920 1363 984 inter
1384 921 1531 984 minimos
1545 918 1694 983 adscribe
1710 919 1829 991 chates,
1844 921 1857 1000 Ι
1871 919 1931 992 Qui
1955 919 2079 982 seruire
2102 919 2159 982 tibi

762 1029 885 1108 tempus
908 1025 941 1088 in
966 1045 1060 1090 omne
1083 1027 1239 1093 volunt.»

814 1146 843 1199 ln
863 1145 887 1212 4,
907 1147 931 1200 di
952 1149 970 1200 f.
991 1149 1047 1218 (14)
1067 1167 1082 1204 e
1102 1150 1140 1218 (l)
1161 1151 1273 1215 biauco;
1294 1153 1432 1204 carattere
1452 1149 1554 1204 italice.

815 1253 859 1308 Sei
878 1255 947 1322 fogli
968 1256 995 1308 in
1016 1256 1150 1326 principio
1167 1273 1182 1310 e
1199 1257 1230 1310 12
1243 1257 1271 1310 in
1291 1258 1346 1311 fine
1364 1273 1431 1311 sono
1450 1258 1516 1312 stati
1536 1258 1662 1326 aggiunti
1683 1274 1731 1326 per
1751 1258 1924 1311 annotationi
1946 1275 2016 1322 mss,
2030 1274 2075 1308 ma
2091 1271 2158 1309 sono

761 1360 867 1414 rimasti
889 1363 973 1416 vnoti.

814 1469 880 1536 Leg.
901 1469 928 1522 in
945 1486 1120 1538 pergamena.
1135 1501 1168 1512 -
1182 1471 1234 1526 Nel
1254 1471 1307 1525 Dr.
1327 1489 1341 1525 e
1361 1471 1407 1526 uel
1422 1471 1458 1526 R-
1476 1472 1567 1540 fregio
1582 1471 1705 1527 cerrtrale
1721 1473 1818 1526 dorato
1834 1471 1859 1524 di
1877 1473 1965 1524 forma
1982 1469 2157 1524 romboidale.

813 1575 1001 1630 Nell'interno
1020 1577 1094 1634 della
1113 1577 1253 1647 legatum:
1273 1579 1352 1632 «Pr.
1373 1579 1443 1636 Pr»
1461 1581 1558 1633 scritto
1578 1597 1628 1634 con
1647 1581 1746 1634 metita
1764 1597 1838 1634 nere.

611 1771 709 1842 1966.
733 1771 889 1843 Plautus
905 1774 951 1858 (T.
971 1776 1134 1860 Maccius).
1153 1813 1195 1826 -
1211 1797 1227 1838 «
1245 1779 1287 1842 ll.
1307 1780 1396 1842 hecil
1406 1781 1419 1859 Ι
1429 1779 1534 1844 Plauti
1551 1779 1715 1844 comoedia
1730 1779 1794 1860 sal
1803 1779 1965 1844 cetissima
1979 1779 2031 1842 cui
2046 1775 2157 1840 titulus

762 1882 937 1954 Aulularia,
962 1902 982 1946 a
1012 1883 1134 1948 mendis
1149 1887 1162 1964 Ι
1180 1885 1381 1969 iamprimum
1412 1885 1588 1960 uindicata;
1614 1881 1648 1953 dr
1671 1905 1768 1971 super
1798 1886 1878 1957 haec,
1908 1885 1963 1950 do·
1979 1889 1992 1966 Ι
2010 1883 2158 1948 ctissimis

762 1989 891 2054 scholiis
906 1989 982 2053 hinc
998 1989 1071 2054 inde
1087 2010 1128 2054 ex
1145 1995 1289 2057 ueterum
1304 1987 1337 2058 dr
1346 1995 1359 2072 Ι
1368 1994 1605 2058 neotericorum
1621 1993 1877 2058 annotationibus
1894 1992 2046 2064 collectis,
2059 2009 2131 2072 neq;
2145 1991 2157 2070 Ι

761 2115 900 2184 unquam
923 2097 1061 2161 antehac
1080 2097 1190 2169 aeditis,
1208 2099 1375 2163 illustrata.
1395 2095 1478 2184 (etc.)
1495 2098 1611 2163 Addita
1635 2103 1684 2163 est
1706 2118 1830 2183 quoque
1843 2103 1855 2179 Ι
1869 2100 1936 2164 uita
1953 2098 2068 2168 Plauti,
2086 2115 2157 2178 quae

761 2222 922 2286 nunquam
946 2205 1083 2268 antehac
1107 2223 1179 2269 cum
1203 2205 1253 2269 his
1265 2209 1277 2285 Ι
1291 2204 1406 2270 fabulis
1422 2211 1471 2269 est
1486 2205 1581 2270 aedita
1596 2209 1660 2270 une
1676 2226 1747 2270 eum
1763 2205 1876 2270 indice.
1896 2227 1913 2270 »
1938 2206 1980 2269 Iu
1999 2206 2076 2290 flue,
2092 2203 2157 2268 inc.

759 2309 797 2373 iu
820 2311 917 2396 leprae
940 2329 1060 2394 ruppr.
1078 2332 1127 2376 uu
1149 2312 1283 2378 oolottte
1307 2311 1365 2377 ebe
1388 2331 1497 2378 suouu
1519 2313 1544 2376 il
1563 2313 1702 2395 oriolium
1717 2313 1852 2379 intorno
1876 2310 1894 2376 ἑ
1918 2313 1952 2376 tu
1975 2309 2158 2396 leppeadu:

761 2435 859 2482 uvsn
880 2437 1010 2484 uosrsa
1030 2438 1130 2491 huon,
1150 2438 1346 2492 nvncnsovn
1362 2439 1450 2484 nure
1465 2439 1574 2486 nunes
1596 2439 1703 2487 mvsa.
1722 2420 1847 2505 Sepuc:
1872 2438 2061 2484 «excusum
2085 2419 2159 2481 Ar-

761 2527 962 2608 gentinae
986 2527 1018 2589 in
1042 2526 1219 2608 ae-ldibus
1244 2525 1351 2591 iacobi
1376 2527 1564 2600 iucundi,
1591 2531 2006 2592 Annon.n.xxxv11.»

815 2647 844 2701 ln
864 2649 889 2708 4.
908 2649 934 2701 di
954 2665 1016 2718 pag.
1037 2651 1084 2716 (7),
1104 2666 1210 2716 curru,
1224 2650 1271 2720 (4).
1290 2651 1478 2720 Frontespizio
1492 2651 1674 2704 incorniciato
1687 2651 1722 2704 da
1735 2651 1806 2720 putti
1820 2667 1835 2705 e
1849 2651 1920 2720 fregi
1933 2649 2013 2704 incisi
2025 2650 2053 2702 in
2068 2647 2157 2716 legno.

816 2755 869 2810 Nel
879 2756 1087 2826 frontespizi0:«
1098 2759 1132 2811 X.
1142 2759 1174 2810 B.
1182 2775 1199 2814 u
1207 2775 1255 2811 ms.
1264 2757 1369 2812 iniziuli
1379 2758 1404 2811 di
1413 2758 1485 2812 Sisto
1493 2759 1627 2825 Betuleio,
1634 2775 1651 2812 0
1658 2759 1734 2823 Birk,
1742 2775 1897 2828 possessore
1908 2757 1952 2811 del
1962 2757 2042 2810 libro.
2051 2755 2158 2808 Alcune

760 2861 872 2931 postilla
891 2879 953 2916 mss.
974 2863 1165 2918 nell'interno.
1180 2866 1209 2918 ln
1223 2866 1357 2935 principio
1370 2881 1437 2919 sono
1449 2865 1518 2919 dieci
1533 2845 1633 2934 pagine
1646 2883 1720 2930 mss,
1733 2883 1748 2919 e
1761 2865 1845 2919 sedici
1859 2866 1888 2918 in
1900 2866 1964 2918 fine.
1977 2863 2158 2931 Contengouo

762 2968 789 3022 le
808 2969 894 3037 prime
914 2987 950 3022 un
969 2971 1139 3041 «Prolopus
1158 2975 1188 3024 in
1206 2974 1388 3026 Aululariam
1408 2973 1539 3038 Plauti»,
1558 2972 1609 3026 che
1629 2972 1778 3026 eomincia:
1797 2975 1978 3026 «Mirubitur
1997 2974 2057 3040 quis
2076 2973 2158 3039 sorte,

762 3094 835 3146 quur
853 3081 957 3131 diutius
967 3077 975 3147 Ι
983 3081 1125 3132 silentium
1143 3097 1243 3133 scenae
1262 3083 1359 3149 suerit.
1372 3083 1463 3134 dicam
1482 3083 1537 3134 tibi.
1548 3078 1555 3148 Ι
1565 3081 1630 3133 Non
1649 3084 1776 3134 conuenit
1788 3097 1877 3150 nuque
1891 3083 1920 3133 in
1933 3081 2015 3132 rebus
2029 3073 2160 3147 tropicis!

763 3186 864 3254 Agere.
884 3188 934 3238 Ast
952 3189 982 3238 in
999 3187 1074 3239 bisce
1093 3189 1180 3239 turbis
1198 3207 1232 3241 uc
1251 3189 1412 3241 tumultibus
1422 3187 1429 3257 Ι
1438 3191 1614 3256 ‚arduissimis
1627 3187 1705 3255 (etc.)
1717 3203 1741 3244 u.
1756 3187 1845 3256 Segne
1865 3187 1885 3240 il
1903 3187 2075 3256 «Prolopus
2091 3183 2160 3238 Gen·

760 3296 915 3348 municus»
931 3293 959 3345 in
979 3293 1058 3347 versi.
1074 3293 1111 3346 Le
1125 3293 1223 3347 ultime
1237 3310 1304 3347 sono
1317 3299 1477 3348 consecrate
1491 3295 1518 3348 ai
1532 3294 1639 3363 prologi
1653 3311 1669 3348 e
1681 3295 1738 3348 cori
1751 3295 1791 3364 (in
1805 3297 1895 3348 metro
1907 3293 1996 3347 latino
2009 3310 2023 3346 e
2037 3289 2158 3358 tedesco)

760 3400 803 3454 dei
822 3401 892 3453 varii
912 3401 1001 3468 atti,e
1018 3400 1189 3470 all'epilogo.
1209 3401 1394 3456 L'Aululuria
1412 3403 1582 3456 accresciuta
1597 3403 1626 3456 in
1639 3407 1737 3472 questa
1752 3402 1877 3456 maniera
1895 3403 1924 3454 fu
1943 3403 2091 3470 preparata
2108 3415 2158 3468 per

760 3523 850 3561 essere
870 3508 987 3562 recitata
1002 3507 1073 3562 sulle
1086 3525 1167 3564 sceno
1180 3507 1357 3578 germaniche
1375 3509 1409 3562 de
1427 3509 1511 3563 altori
1525 3510 1546 3563 il
1559 3511 1603 3563 cui
1622 3509 1686 3562 albo
1699 3507 1714 3562 b
1727 3510 1876 3578 registrum
1895 3508 1940 3562 nel
1959 3507 2095 3577 principio
2113 3504 2158 3559 del

761 3613 840 3668 libro.
861 3614 915 3668 Fra
934 3616 1023 3685 questi
1042 3633 1110 3670 sono
1128 3617 1298 3670 «Emonuet
1318 3613 1523 3688 Betul(eius)»
1542 3633 1557 3670 e
1575 3617 1713 3671 «Paulus
1733 3617 1909 3672 Betuleius»
1927 3614 2031 3685 (secolo
2045 3612 2136 3694 livi).

815 3721 881 3789 Leg.
901 3727 1042 3792 composta
1067 3723 1093 3776 di
1121 3741 1155 3776 un
1180 3724 1346 3777 frammento
1371 3723 1398 3775 di
1423 3723 1516 3778 codice
1542 3724 1752 3778 membranaceo
1770 3722 1814 3776 del
1834 3739 1887 3778 sec.
1907 3721 1972 3776 Xlll
1992 3724 2157 3776 contenente

762 3843 817 3880 uua
836 3826 928 3896 glossa
947 3827 1019 3880 sulla
1037 3828 1143 3881 Bibbia.

814 3933 1003 3988 Nell'interno
1022 3935 1096 3989 della
1113 3936 1252 4004 legatum:
1271 3937 1332 3990 «P.
1353 3939 1396 3989 50
1415 3940 1439 3990 b.
1461 3937 1492 3990 F.
1512 3937 1548 3990 N.
1566 3937 1640 3994 47»
1660 3938 1756 3992 scritto
1775 3936 1848 3990 colla
1866 3937 1966 3990 metita
1985 3952 2059 3990 nera.

610 4129 735 4201 latta.
759 4130 990 4200 Dioscorides
1014 4131 1241 4216 (Anazarbeus,
1268 4135 1448 4222 Pedanius).
1474 4171 1517 4184 -
1542 4141 1605 4200 «u
1630 4136 1732 4202 Index
1762 4135 1918 4201 librorum
1950 4137 1982 4199 in
2013 4133 2157 4219 presenti

761 4240 923 4305 volumine
939 4245 1171 4305 contentorum.
1179 4241 1402 4327 lDyoscoridis
1419 4245 1614 4309 exactissimi
1629 4243 1825 4330 indagatoris
1840 4240 2045 4326 fidelissimiq3
2058 4241 2135 4306 seri·
2143 4243 2156 4322 Ι

761 4347 861 4432 pteris
884 4349 1007 4414 virtuhi
1029 4348 1187 4434 simplicii
1209 4347 1410 4414 medicinard
1433 4351 1539 4425 Liber,
1565 4351 1765 4437 cccccccxvij
1780 4354 1793 4432 Ι
1807 4351 1974 4414 continens
2000 4347 2155 4433 capitula:

763 4473 835 4519 oum
850 4455 989 4520 nonullis
1001 4454 1213 4521 additionibus
1226 4457 1284 4521 Pe·
1292 4461 1305 4538 Ι
1316 4458 1357 4521 tri
1370 4457 1558 4542 paduanesis
1570 4459 1603 4522 in
1619 4459 1764 4543 margine
1775 4456 1849 4523 libri
1866 4458 1991 4524 notatis.
2005 4455 2157 4521 Eiusdem

763 4562 949 4646 Dynmum-l
956 4562 1003 4628 dis
1016 4563 1055 4628 de
1068 4564 1191 4630 naturis
1205 4585 1222 4626 a
1237 4563 1408 4630 virtutibus
1419 4585 1575 4648 aquarum
1586 4569 1743 4630 tractatus
1755 4585 1845 4631 unus.
1857 4584 1886 4640 »;
1898 4565 1986 4630 titolo
1999 4563 2036 4628 iu
2050 4581 2155 4629 rosso.

762 4668 872 4755 Sepuc
886 4690 958 4736 uun
974 4671 1060 4737 bella
1074 4671 1138 4738 tue.
1156 4671 1193 4737 iu
1209 4673 1307 4756 lepuo
1327 4690 1517 4754 reppuuu
1537 4671 1764 4758 persouuppio
1787 4673 1914 4744 seduco,
1932 4671 1974 4737 ed
1995 4691 2045 4736 un
2068 4671 2155 4735 ultro

759 4775 1006 4861 iupiuoechiuto
1029 4779 1172 4844 iuuouzi
1194 4779 1232 4843 iu
1254 4783 1323 4844 utto
1348 4778 1383 4843 di
1401 4779 1579 4864 porperpli
1593 4799 1642 4844 uu
1659 4777 1753 4845 libro.
1773 4780 1815 4844 Iu
1830 4779 1912 4864 fiue:
1934 4783 1997 4843 «ff
2015 4777 2158 4862 Explicit

760 4883 844 4948 liber
860 4884 1057 4969 dyoscoridis
1073 4885 1113 4950 de
1125 4889 1138 4966 Ι
1151 4889 1268 4951 natura
1284 4885 1517 4969 simpliciique
1535 4883 1627 4949 Petr⁹
1646 4905 1698 4970 pa·
1711 4889 1723 4965 Ι
1736 4885 1907 4952 dunnensis
1923 4885 2026 4970 padue
2041 4882 2157 4970 legedo

761 4993 927 5072 correxit!
937 4997 969 5056 et
985 4992 1149 5076 exponedo
1165 5011 1227 5075 que
1243 4992 1371 5056 utiliora
1386 4996 1460 5056 sunt
1476 4993 1507 5054 in
1516 4995 1529 5072 Ι
1538 4991 1611 5056 luce
1627 4990 1771 5058 deduxit:
1788 4993 1923 5078 impssus
1940 4991 2130 5077 Lugduni
2143 4992 2156 5070 Ι
2171 5065 2174 5070 Ι
