4722 6270
902 407 1034 474 -207
1059 441 1102 455 -

375 567 417 633 p:
429 552 443 630 Ι
456 547 519 613 uidi
538 533 624 614 Iohia
646 569 822 634 rynman
846 550 955 615 Finidt
970 550 1040 616 feli:
1052 553 1066 632 Ι
1079 551 1160 615 citer
1177 551 1271 616 Anno
1287 549 1387 637 selutp
1404 551 1465 614 nie
1481 549 1648 616 Millesimo
1660 556 1673 632 Ι
1686 551 1775 635 quin·

375 655 550 742 gentesimo
573 658 686 741 pzimo.
712 657 765 744 viij
794 658 872 722 Καὶ.
886 663 899 740 Ι
913 659 1071 744 Martij.»

429 780 459 832 ln
476 779 502 845 4,
515 779 542 832 di
555 780 574 832 f.
590 778 665 850 (368)
679 797 696 834 a
708 779 761 834 due
774 779 891 834 colonne
907 779 934 833 di
950 779 1030 850 righe
1042 780 1078 835 50
1091 781 1228 848 cieseune,
1241 778 1312 834 oltre
1331 779 1545 846 l'intestnzione‚
1558 780 1586 833 in
1605 796 1660 834 cer.
1680 780 1774 850 gotioi.

429 885 482 940 Nel
500 885 678 956 finnteepizio
703 883 718 939 ὲ
743 885 840 940 scritto
865 905 882 940 n
906 903 1000 941 meno:
1019 888 1135 942 «Liber
1153 898 1261 958 emptus
1281 905 1337 958 per
1361 891 1482 958 fratrem
1507 888 1665 959 Aupusdnu
1690 887 1782 959 Lupff

377 993 524 1048 Lectorem
535 1009 553 1048 »
566 1022 599 1034 -
612 1007 629 1046 e
643 993 724 1046 1503
736 1009 753 1048 »
767 1020 800 1032 -
813 1006 830 1046 ‹
843 993 1006 1048 Periculum
1023 995 1154 1064 periculo
1178 995 1338 1062 vincitur»,
1357 1009 1479 1064 seguono
1498 993 1524 1050 le
1543 993 1648 1048 inizieli
1666 994 1728 1046 AL
1746 994 1775 1047 in

375 1116 590 1170 monogramme.
611 1101 664 1156 Nel
683 1103 771 1172 foglio
789 1102 816 1156 di
835 1103 965 1172 guardia:
985 1102 1087 1158 «Item
1104 1113 1169 1156 nota
1187 1120 1242 1172 pua
1263 1103 1387 1156 Christus
1406 1102 1590 1172 emnparaiur
1602 1101 1677 1170 (etc.)
1691 1100 1774 1174 Hupo

379 1208 538 1262 Cardinalis
549 1223 575 1275 ›‚
594 1225 610 1262 e
628 1207 702 1262 altre
720 1209 833 1280 postilla
851 1226 900 1263 me.

428 1314 495 1384 Leg.
515 1315 543 1368 in
562 1314 635 1384 pelle
653 1315 682 1368 di
700 1316 805 1372 vitello.
825 1345 859 1358 -
878 1315 982 1372 Piocoli
1002 1316 1099 1384 ornati
1111 1316 1138 1369 di
1157 1319 1299 1370 eontonno.

427 1421 618 1477 Nell'interno
635 1422 710 1478 della
728 1423 871 1494 legatum:
889 1425 994 1479 «liber
1015 1425 1168 1478 Conventus
1187 1421 1396 1494 Heidelberpeit
1417 1422 1530 1476 Ordinis
1551 1427 1676 1494 stamen
1694 1425 1776 1479 tiero-

375 1531 509 1584 mitamm
529 1531 556 1584 S.
575 1531 726 1602 Aupustini
737 1547 763 1598 t,
782 1531 879 1586 scritto
898 1531 973 1586 delle
990 1535 1078 1586 steen
1095 1547 1177 1584 meno
1196 1530 1248 1586 che
1266 1531 1383 1584 annotd:
1403 1531 1518 1586 «Liber
1538 1539 1645 1601 eruptus
1658 1528 1733 1602 (eto.)
1746 1546 1772 1588 t.

223 1723 352 1794 We.
377 1763 421 1778 -
446 1747 464 1790 α
482 1729 634 1792 Pomerid
657 1729 839 1810 Sermoni)
853 1731 899 1794 De
923 1731 1022 1794 Beata
1045 1731 1180 1815 virgine.
1194 1733 1208 1810 Ι
1222 1729 1279 1796 Uel
1293 1736 1305 1808 Ι
1318 1729 1470 1796 Stellarid
1493 1729 1619 1794 Goione
1642 1727 1774 1809 betete

374 1836 518 1920 virginis.
532 1840 545 1915 Ι
560 1836 601 1900 Et
624 1836 671 1900 est
694 1837 726 1900 in
742 1835 907 1901 duodecim
930 1835 1055 1902 libellos
1078 1837 1206 1922 partiti.
1221 1839 1234 1916 Ι
1242 1837 1268 1921 j.
1292 1837 1338 1900 De
1354 1836 1589 1900 Anniciatione
1612 1835 1644 1920 xj
1663 1831 1773 1920 (etetl

374 1942 419 2028 xij
446 1943 491 2006 De
514 1943 676 2008 Seruitute
700 1965 717 2006 z
744 1943 831 2008 cultu
854 1942 986 2008 denoto:
1012 1945 1042 2008 ei
1066 1942 1198 2008 anobis
1225 1941 1422 2007 exhibendis.
1437 1945 1450 2024 Ι
1464 1942 1570 2028 cxciiij
1591 1961 1619 2005 i.
1644 1942 1682 2006 F.
1708 1940 1773 2028 (9):

378 2068 396 2112 ‹
414 2047 536 2114 Tabula
552 2051 658 2134 operis
674 2048 886 2135 Alphnbetica
903 2071 932 2114 i.
950 2051 987 2115 F.
1005 2069 1033 2116 1:
1052 2069 1070 2112 ‹
1089 2049 1248 2134 onlogus
1264 2051 1277 2114 1
1296 2049 1362 2115 Stel
1375 2052 1388 2131 Ι
1400 2049 1484 2113 larii]
1500 2049 1626 2114 Getone
1642 2047 1726 2133 (ete.)
1744 2069 1772 2113 t.

376 2157 419 2220 In
441 2158 532 2223 ealce
554 2155 755 2240 deit'opera,
778 2156 804 2240 f.
829 2176 967 2223 ccx1111:
993 2157 1138 2243 ‹Opere
1161 2176 1248 2222 nunc
1271 2157 1329 2223 isto
1351 2157 1459 2243 pfeete
1483 2157 1588 2242 glozia
1614 2156 1774 2238 onusto.)

375 2261 510 2328 Laudib⁹
533 2264 587 2328 hic
609 2264 707 2329 inito:
735 2283 873 2331 cozonas
895 2267 975 2330 miis
989 2264 1039 2330 dei
1056 2264 1128 2329 sisto
1139 2267 1153 2346 Ι
1166 2263 1282 2330 Honoz
1304 2263 1457 2330 frdeiseo:
1481 2265 1552 2328 laus
1575 2265 1650 2330 sitis
1673 2265 1774 2329 edetis

375 2370 437 2434 hoc
453 2371 504 2457 ipo
516 2374 530 2451 Ι
543 2370 675 2437 Oedeno
690 2373 776 2437 trino
793 2373 883 2437 ciclo.
901 2393 928 2437 c.
946 2371 1015 2457 qid.
1033 2373 1087 2438 tic
1101 2370 1191 2456 'piule
1211 2371 1302 2436 sixto.
1320 2391 1350 2444 ›,
1368 2391 1386 2434 ‹
1404 2371 1493 2457 Opus
1516 2372 1616 2456 putile
1631 2374 1664 2436 in
1679 2370 1774 2436 laude

374 2477 562 2562 ptiosiss'ime
585 2479 640 2562 igi
652 2480 666 2558 Ι
679 2479 730 2542 nis
753 2480 856 2543 Marie
879 2499 906 2564 p
929 2479 1041 2564 singu}
1060 2479 1128 2543 eius
1148 2475 1332 2563 pdicatinibt
1356 2478 1405 2543 ele
1418 2482 1431 2560 Ι
1444 2478 1602 2563 gitisfime
1625 2478 1775 2563 coaptati]

374 2587 524 2652 Stellarii't
540 2605 661 2652 cozone
681 2587 750 2652 eius
758 2590 771 2669 Ι
784 2588 823 2652 de
846 2589 981 2674 virginis
1004 2586 1183 2653 intitulati:
1208 2587 1339 2673 Impetis
1362 2588 1489 2672 sumpti:
1502 2591 1515 2669 Ι
1528 2587 1622 2674 busq3
1646 2586 1773 2672 piouidi

373 2695 436 2758 viri
460 2695 589 2760 Ioannis
613 2695 799 2780 Rynman
822 2695 887 2777 del
900 2696 1059 2780 Ozingaw
1082 2696 1115 2759 in
1138 2695 1257 2780 impieli
1281 2694 1395 2780 oppido
1419 2694 1651 2780 Hagenaw:
1679 2715 1701 2780 p
1725 2695 1773 2758 in-

373 2800 495 2866 dustrii
519 2801 665 2866 Hennicsi
688 2803 797 2866 Gran
820 2801 897 2865 inibi
921 2801 1043 2887 ineola3
1056 2805 1068 2882 Ι
1081 2799 1294 2886 diligetisfime
1317 2798 1432 2883 impsffi
1454 2819 1492 2864 ae
1516 2800 1662 2866 emedatfi
1686 2801 1775 2866 Finit

373 2907 405 2971 fe
420 2910 433 2988 Ι
449 2907 555 2972 liciter
577 2909 673 2972 Anno
703 2909 812 2974 salutis
841 2907 948 2972 nostre
971 2906 1139 2972 Millefimo
1166 2901 1209 2992 t'pn
1225 2917 1236 2989 Ι
1254 2906 1522 2992 gentesimonono.
1555 2909 1599 2994 iij.
1632 2907 1683 2972 die
1714 2907 1772 2974 Se·

374 3014 573 3098 ptembiis.»
599 3051 643 3064 -
670 3013 718 3096 Cf.
744 3015 767 3078 it
791 3014 834 3078 N.
860 3012 986 3080 1889a.

426 3137 456 3189 ln
470 3139 495 3204 4,
508 3137 535 3190 di
548 3139 566 3190 f.
581 3137 634 3206 (90
648 3138 658 3190 l
671 3137 779 3205 vacuo),
793 3153 893 3193 cenni
906 3137 934 3190 in
948 3140 1085 3192 carattere
1098 3137 1191 3206 gotico
1204 3136 1287 3190 adue
1300 3136 1424 3203 antonne,
1438 3136 1464 3189 di
1481 3135 1560 3205 righe
1572 3135 1608 3190 50
1621 3135 1772 3207 (messimo)
1814 3171 1816 3178 ,

375 3243 512 3310 ciascune,
531 3244 604 3299 oltre
622 3244 641 3298 l'
649 3245 840 3298 intestatione.

224 3435 349 3506 23931).
376 3437 611 3508 Themeswar
631 3437 694 3524 (de)
715 3439 894 3508 Pelbartus.
915 3478 958 3492 -
976 3461 994 3505 ‹
1012 3443 1164 3506 Pomerii'i
1187 3441 1376 3508 Sermonum
1388 3449 1401 3522 Ι
1414 3441 1772 3527 ᾳιιαᾱτειςοῆιηειῐίιιιη.Ι

373 3548 415 3610 Et
437 3546 483 3612 eft
506 3546 546 3612 ob
568 3549 723 3632 tempozis
747 3549 952 3633 exigentiam.
981 3553 1013 3615 et
1044 3547 1218 3614 chiistifide
1230 3552 1243 3630 Ι
1255 3549 1333 3614 lium
1356 3548 1568 3613 necessariam
1593 3548 1771 3614 eruditione

371 3655 576 3740 triplicatum.
591 3658 604 3736 Ι
617 3655 787 3736 Pzimums
801 3656 847 3720 De
871 3656 1055 3721 Penitentia
1078 3661 1111 3720 et
1133 3657 1201 3720 eius
1227 3654 1372 3742 partibus
1384 3658 1397 3737 Ι
1410 3653 1505 3720 Sedm
1518 3657 1531 3737 Ι
1546 3656 1590 3720 De
1614 3657 1711 3722 Uiciis
1738 3657 1772 3720 in

239 3847 243 3856 ι
373 3762 501 3826 Genere
517 3767 550 3826 et
565 3763 686 3846 Specie.
702 3763 870 3842 lTeitium
883 3766 897 3844 Ι
910 3764 956 3828 De
979 3763 1130 3848 Deealogi
1153 3763 1315 3847 peeceptis
1332 3783 1361 3826 ».
1387 3763 1430 3828 In
1453 3764 1544 3828 ealce
1566 3761 1772 3846 dett'epera:

374 3887 392 3930 ‹
409 3869 561 3934 Pomerii
576 3869 636 3935 Ser
647 3872 660 3949 Ι
673 3869 770 3934 monii
786 3869 1072 3955 Quadregefiinali=
1085 3873 1098 3952 Ι
1112 3889 1165 3934 um
1186 3870 1329 3957 triptitu3
1352 3890 1375 3954 p
1400 3869 1593 3956 Religiosum
1614 3869 1771 3957 deuoti'iq3

373 3990 414 4057 pa
426 3976 439 4054 Ι
451 3975 518 4037 tre:
543 3973 634 4038 sacre
649 3975 766 4059 pagine
780 3973 928 4058 pfessoze
949 3974 1093 4061 eiusdeqp
1117 3973 1222 4039 setene
1234 3978 1248 4055 Ι
1260 3974 1465 4039 zelofiss'imi:
1490 3974 1593 4038 fratre
1618 3972 1773 4038 Pelbann

372 4078 411 4144 de
424 4080 574 4145 Themes:
582 4084 596 4162 Ι
605 4100 675 4144 war
688 4080 821 4146 Otdinis
832 4081 953 4170 Minotp
970 4081 1009 4148 de
1022 4081 1183 4166 Obfudtia
1199 4085 1250 4146 ed:
1259 4084 1273 4162 Ι
1282 4081 1409 4166 pedioie
1425 4082 1601 4167 compacti:
1618 4079 1772 4166 impensis

374 4185 561 4271 circiipecti
574 4189 587 4268 Ι
600 4187 660 4251 viri
684 4187 946 4274 archibibliopole
962 4189 1092 4253 Ioannis
1116 4188 1304 4274 Rynmnn
1315 4191 1328 4270 Ι
1341 4187 1380 4253 de
1404 4188 1579 4273 Ozingaw:
1595 4189 1629 4252 in
1645 4185 1772 4252 officina

373 4294 519 4361 industrii
537 4297 671 4360 Henrici
684 4301 697 4378 Ι
711 4297 821 4362 Gran
845 4297 930 4362 Ciuis
944 4299 956 4361 I
972 4296 1092 4382 impiali
1108 4295 1200 4382 opido
1216 4297 1429 4382 Hegennw
1442 4301 1456 4379 Ι
1468 4301 1619 4362 accurate
1638 4297 1771 4385 impssu3

373 4403 467 4467 Anno
498 4404 607 4488 iginei
629 4408 703 4489 ptus
727 4405 780 4468 M.
798 4408 811 4484 Ι
827 4403 867 4468 d.
884 4427 900 4467 z
917 4410 1123 4469 ,1x.octeu0
1146 4402 1191 4468 id
1215 4404 1302 4490 Maij.
1327 4401 1423 4469 finem
1454 4403 1603 4490 adeptum
1619 4406 1633 4485 Ι
1649 4403 1696 4470 est
1722 4404 1772 4470 fe-

371 4509 523 4574 liciter.»
549 4545 592 4558 —
618 4509 667 4592 Cf.
692 4511 717 4575 it
740 4510 782 4574 N.
808 4504 933 4576 189017.

426 4631 457 4685 In
475 4633 501 4698 4,
520 4632 547 4685 di
566 4635 583 4685 f.
605 4633 666 4700 (147
686 4650 702 4687 e
724 4634 849 4702 lvecuo)
866 4633 894 4686 in
913 4637 1051 4689 carattere
1070 4635 1163 4704 gotico
1182 4634 1270 4689 adue
1290 4634 1405 4689 celonne
1424 4634 1451 4688 di
1470 4634 1550 4704 righe
1569 4634 1604 4688 50
1621 4635 1771 4706 (meseimo)

373 4740 510 4806 ciascunn,
529 4739 601 4796 oltre
620 4740 638 4796 l’
646 4741 835 4796 intestatione.

426 4847 478 4902 Nel
497 4848 584 4918 foglio
602 4848 628 4902 di
648 4849 777 4918 guardia:
796 4849 884 4903 «Sue
906 4853 1030 4904 custodia
1056 4853 1156 4921 fratris
1176 4851 1251 4904 Iota.
1273 4851 1360 4921 Gemp
1378 4853 1414 4906 de
1432 4851 1509 4922 spira
1528 4853 1703 4907 cannelitant
1721 4868 1769 4906 or·

375 4957 449 5008 dinis
463 4960 611 5028 professus
624 4955 685 5027 (sic)
699 4967 849 5011 conuentus
869 4959 985 5012 evitatis
1002 4960 1152 5027 Weyniiem
1165 4960 1245 5012 Anno
1259 4959 1357 5012 salutis
1371 4959 1449 5012 1516
1456 4977 1512 5030 per
1525 4961 1644 5014 eundem
1661 4960 1771 5013 solum
