4722 6270
866 444 1065 510 -215-

340 594 431 660 netto
453 591 539 658 sate
562 590 617 656 dci
639 587 896 657 licitatorem
918 589 1130 654 letteraturo:
1152 591 1422 652 «ΜΟΣΧΙΩΝΟΣ
1434 590 1448 669 l
1460 592 1553 652 ΠΕΡΙ
1578 593 1710 656 ΓΥΝΑΙ-
1721 597 1735 674 s

339 703 461 764 ΚΕΙΩΝ
483 700 630 771 lineali,
648 700 661 780 l
677 694 761 783 (etc.)
785 715 857 760 cum
882 694 1020 762 Oonredi
1044 695 1207 776 Gesneri!
1219 693 1304 780 (etc.)
1326 694 1457 761 scholiis
1479 701 1512 762 et
1538 697 1736 766 emendatio-

339 807 441 878 nibus,
465 824 552 872 nunc
573 801 711 889 primrim
727 806 741 884 l
757 801 859 868 editus
885 821 984 888 opera
1010 821 1049 866 ac
1075 800 1178 867 studio
1202 802 1334 886 Caspari
1357 803 1503 888 Wolphii
1527 804 1581 868 Ti·
1597 809 1610 886 s
1627 808 1736 891 gurini

339 912 454 978 medici
478 909 894 998 (etc.)lBasileaesper
918 911 1071 974 Thomam
1095 910 1377 990 Gna-irinum
1402 927 1657 974 m.n.uxv1.»

342 1083 344 1088 .
392 1034 422 1088 ln
441 1034 467 1101 4,
485 1033 513 1088 di
530 1035 550 1087 f.
570 1033 636 1102 (10),
655 1032 771 1086 colonnc
790 1031 851 1098 868,
869 1033 888 1086 i.
909 1033 974 1102 (ll);
993 1047 1056 1102 pag.
1075 1032 1125 1101 (8),
1143 1030 1179 1086 63
1197 1047 1213 1086 e
1232 1032 1256 1100 (l
1278 1033 1385 1101 vacua).

189 1269 276 1338 2411
286 1270 313 1337 b.
338 1267 614 1338 Aoorombonus
644 1265 904 1352 (Accoramboni)
931 1267 1158 1352 Hieronymus.
1183 1300 1227 1314 -
1252 1285 1270 1328 c
1292 1266 1491 1332 Excellentis
1506 1271 1519 1348 l
1536 1268 1606 1332 simi
1637 1267 1736 1352 philo·

340 1377 441 1463 sophi,
462 1381 495 1441 et
505 1380 519 1458 l
533 1374 646 1440 medici
670 1375 933 1440 consumatissimi
949 1375 985 1437 Ι).
1000 1373 1217 1459 [Hieronymi
1234 1373 1450 1438 Acorombcni
1470 1375 1618 1462 Eugubij.
1645 1375 1737 1442 Ordi-

339 1485 465 1550 nariam
477 1483 653 1569 [practicae
671 1481 839 1546 Medicinae
862 1482 896 1545 in
919 1481 1076 1546 Patauino
1093 1481 1268 1566 Gymnasio
1287 1481 1333 1546 le:
1346 1484 1359 1561 l
1371 1481 1484 1566 gentio,
1503 1482 1673 1548 Tractatus
1697 1482 1736 1547 de

341 1591 450 1656 Lacte.
465 1587 776 1674 sNorimbcrgae
799 1588 882 1673 apud
906 1587 1018 1652 Iohan.
1040 1588 1271 1661 Petreium,
1285 1590 1395 1669 fanno
1419 1607 1734 1655 m.n.xxxv111.›

341 1699 385 1763 In
407 1699 474 1783 fiae
496 1715 578 1764 cono
601 1696 745 1778 ripetoie
768 1697 897 1761 tenete
921 1695 1147 1782 tipoyrofiche.

393 1821 423 1875 ln
443 1821 467 1886 4,
487 1820 514 1874 di
533 1822 551 1874 f.
570 1819 637 1889 (36).
658 1819 797 1873 caratteri
816 1818 933 1872 rotondi.

189 2052 315 2121 24120.
340 2051 497 2122 Erastus
521 2052 668 2118 Thomas.
693 2088 737 2101 -
761 2053 843 2116 ‹De
859 2055 872 2133 l
890 2052 1022 2118 occvltis
1038 2054 1051 2133 l
1066 2051 1315 2138 pharmacorvm
1342 2057 1429 2137 pote:
1442 2056 1456 2134 s
1469 2051 1618 2118 statibus:
1643 2051 1735 2136 qvid,

341 2165 379 2248 et
397 2163 505 2244 qvotv-
517 2161 530 2240 l
542 2158 642 2245 plices
666 2176 713 2222 eae
736 2157 817 2222 sint:
834 2155 918 2243 (etc.)
938 2141 1110 2238 Avihore'l
1124 2156 1246 2222 Thema
1266 2159 1392 2233 Erasto,
1412 2157 1592 2223 heidelber·
1603 2161 1617 2238 s
1629 2159 1738 2244 gensis

341 2265 467 2332 Scholae
490 2266 685 2352 professore.
694 2269 714 2354 J
726 2267 872 2330 Accessit
894 2265 970 2329 hvic
993 2265 1144 2330 tractatui
1167 2264 1210 2329 di·
1225 2270 1238 2348 l
1255 2267 1391 2350 sputatio
1414 2265 1478 2329 alie
1501 2263 1642 2330 eiusdem
1666 2263 1736 2329 fere

342 2373 534 2460 argtunenti
547 2377 560 2456 s
573 2372 613 2440 de
624 2376 638 2454 l
650 2373 955 2438 medicamentorum
978 2372 1183 2458 purgantium
1207 2372 1360 2438 facultate
1384 2368 1468 2459 (etc.)
1484 2373 1498 2452 l
1515 2368 1592 2454 (ino.
1615 2389 1736 2454 rappr.

341 2501 411 2548 uno
434 2483 550 2567 [iecra
571 2481 608 2548 di
630 2481 747 2548 donoc
770 2480 829 2546 che
851 2481 938 2547 collo
960 2480 1100 2546 maistre
1121 2480 1151 2546 si
1174 2481 1347 2568 appoyyia
1370 2480 1417 2546 ad
1438 2477 1496 2546 κη’
1509 2485 1629 2554 astae
1652 2481 1739 2546 cotto

344 2589 459 2655 dasiro
480 2606 641 2674 cmreyye
663 2607 735 2653 una
758 2589 917 2670 lucerna5
938 2587 1074 2654 intorno
1098 2584 1116 2652 ἑ
1139 2588 1173 2652 la
1197 2588 1377 2674 loquendo:
1407 2606 1564 2654 Lucerum
1595 2607 1739 2654 ennmvs

342 2714 422 2761 unis
449 2713 593 2762 vannum
617 2693 739 2780 rvvu.)
767 2694 846 2760 Ovm
876 2695 982 2780 gratia
1005 2699 1037 2760 et
1059 2694 1164 2779 privil.
1189 2716 1213 2759 s.
1239 2713 1321 2760 caes.
1346 2695 1469 2783 majest.
1487 2698 1501 2778 l
1517 2695 1737 2776 Basileael

343 2823 403 2887 per
426 2803 559 2868 Petrum
583 2803 778 2867 Pernam.
792 2805 805 2883 l
820 2802 951 2867 1574.»

396 2926 426 2980 m
444 2927 471 2992 4,
489 2925 516 2979 cr
536 2941 598 2996 pag.
618 2925 666 2997 (e),
688 2925 747 2992 rer,
766 2925 812 2994 (rc
831 2942 846 2979 ο
866 2926 884 2978 2
901 2923 1039 2994 brancho).

192 3157 323 3228 2413c.
347 3158 543 3247 Dryander
566 3157 782 3246 (Eychmoun)
804 3159 974 3226 Iohannes.
996 3195 1039 3210 -
1061 3173 1123 3228 «et
1138 3161 1260 3224 Anato-
1273 3165 1285 3241 f
1298 3161 1389 3233 miae.
1406 3160 1468 3225 hoc
1492 3166 1549 3230 est.
1568 3161 1738 3245 corporis!

342 3267 474 3333 humani
504 3266 702 3334 dissentionis
732 3287 808 3352 pars
838 3267 937 3352 prior,
961 3269 995 3330 in
1018 3286 1081 3351 qua
1103 3267 1152 3332 sin
1168 3270 1181 3348 l
1198 3267 1273 3353 gula
1303 3287 1374 3351 quae
1400 3266 1441 3332 ad
1465 3267 1566 3352 Caput
1593 3271 1740 3352 spectant

343 3379 556 3440 recensentur
567 3379 580 3456 l
593 3372 745 3447 membra,
770 3369 841 3460 atq3
868 3373 1003 3459 singulae
1034 3379 1151 3458 partes,
1176 3373 1310 3459 singuiis
1340 3375 1405 3438 suis
1416 3376 1429 3455 l
1442 3373 1482 3438 ad
1512 3374 1621 3438 uiuum
1651 3393 1738 3437 com-

344 3481 525 3548 modissime
548 3482 711 3567 expressis
733 3479 813 3566 figo:
830 3484 843 3563 J
859 3481 914 3552 ris.
939 3481 1133 3546 deliniantur
1157 3478 1237 3566 (sic).
1263 3480 1380 3546 Omnia
1402 3499 1518 3547 recens
1540 3486 1624 3546 nata.
1643 3483 1656 3562 l
1673 3481 1740 3546 Per

230 3629 232 3637 ·
346 3590 390 3654 Io.
415 3588 620 3675 Dryandrvm
633 3593 646 3670 j
658 3585 818 3653 Medicum
842 3583 876 3655 dr
899 3587 1284 3668 Mathematicum.litem
1296 3591 1309 3668 l

657 3696 730 3760 Ana

678 3807 711 3866 to
794 3749 900 3821 Porci,
925 3767 968 3811 ex
990 3746 1161 3811 traditione
1186 3746 1355 3832 Cophonis.

665 3910 728 3974 mia
793 3854 940 3928 infantis,
965 3873 1007 3919 er
1031 3853 1181 3919 Gabriele
1204 3853 1244 3918 de
1266 3853 1385 3919 Zerbis.

345 4018 561 4102 Marpurgi
585 4016 669 4102 apud
691 4017 888 4082 Eucherium
912 4016 1371 4098 Geruicoanum,lAnn0
1397 4016 1482 4081 1537
1505 4014 1613 4080 mense
1637 4016 1738 4080 Iunio.

338 4123 471 4210 (queste
492 4124 519 4188 2
540 4124 657 4189 ultime
678 4123 776 4210 riylte
797 4125 835 4189 ia
857 4143 926 4190 cor.
951 4122 1030 4210 φοί.)
1048 4144 1077 4187 ›.
1102 4123 1145 4188 In
1163 4123 1240 4208 fine,
1255 4122 1321 4188 icc.
1338 4140 1456 4206 mppr.
1473 4141 1546 4186 uae
1567 4123 1681 4207 flucre
1704 4122 1742 4188 di

346 4231 477 4298 donno:
501 4234 686 4303 ΔΙΑΒΟΛΗ,
702 4230 761 4296 cite
784 4229 955 4297 commota
977 4247 1082 4314 sopra
1103 4229 1201 4315 oloho
1225 4229 1409 4316 maduere,
1426 4229 1513 4296 cotio
1535 4229 1650 4294 desim
1671 4247 1740 4296 sor·

346 4356 448 4424 reyye
469 4333 529 4402 κη’
541 4341 616 4402 osta
631 4356 694 4403 ooo
715 4335 800 4420 face,
818 4357 837 4402 c
853 4338 939 4403 cotta
956 4336 1097 4403 sinistro
1112 4338 1241 4420 afferro
1259 4355 1327 4419 per
1347 4335 1360 4400 i
1384 4335 1504 4418 capelli
1526 4353 1576 4402 un
1597 4334 1741 4421 oiooaoe

345 4447 522 4508 ΝΕΑΝΙΑΣ
551 4443 797 4530 inyioocciticto
821 4441 940 4510 o'caoi
965 4444 1082 4527 piedi,·
1104 4445 1193 4509 culta
1214 4442 1291 4526 face
1313 4441 1453 4530 ieyyesi:
1476 4446 1598 4517 οΡΓΗ;
1622 4461 1742 4526 sopra:

250 4589 252 4594 .
346 4549 423 4614 Att'
442 4555 497 4613 οὐκ
522 4549 605 4624 treci
630 4549 829 4638 συκοφάντου
854 4539 1019 4638 δηγματος
1043 4547 1123 4635 (cic).
1148 4555 1250 4617 sodo.-
1275 4549 1438 4616 ‹Nullum
1468 4548 1624 4615 aduersus
1646 4569 1741 4636 syco-

346 4658 476 4745 phantae
499 4678 639 4724 morsum
651 4661 665 4740 l
678 4657 901 4724 remedium.»

399 4779 429 4832 In
448 4779 474 4846 4,
492 4779 519 4832 di
537 4780 556 4832 f.
575 4777 633 4850 (36)
652 4779 680 4834 in
699 4783 837 4834 carattere
855 4778 947 4833 tonde.
973 4779 995 4834 ll
1013 4779 1191 4849 frontespizic
1213 4776 1405 4834 dcircondato
1426 4777 1462 4832 da
1482 4795 1520 4832 un
1538 4779 1627 4848 fregio
1648 4777 1742 4832 archi-

347 4887 482 4941 tettonico
500 4901 553 4940 con
571 4887 660 4956 figure
678 4885 764 4941 incise
782 4887 812 4940 in
830 4885 922 4956 legno.
941 4885 994 4940 Nel
1013 4889 1086 4940 testo
1104 4901 1172 4950 seno
1190 4884 1276 4940 molto
1293 4885 1421 4940 incisioni
1437 4885 1465 4939 in
1482 4885 1565 4954 legno
1581 4884 1741 4954 esprimenti

346 4964 435 5062 fidere
453 4993 636 5049 anatomiche.
