4820 6256
1309 417 1486 479 -38-

773 556 1047 646 monogramma)
1070 558 1350 624 Francofurti
1377 557 1425 624 ad
1452 559 1647 639 Moenum!
1662 560 1688 622 Ε
1714 558 1856 644 Collegio
1880 557 2044 624 Musarum
2070 559 2170 625 Noue-

774 685 889 731 narum
915 665 1268 745 Pal-stheniano.
1286 669 1299 747 Ι
1315 667 1410 732 Anno
1435 685 1460 731 m
1477 684 1566 731 no1x.
1586 687 1604 728 »

828 790 857 842 ln
876 789 901 842 8.

829 897 894 966 Leg.
914 897 942 950 in
961 896 1034 966 pelle
1054 897 1142 951 suina.
1161 928 1194 938 —
1213 897 1392 967 Impressione
1412 896 1534 952 centrale
1555 895 1637 951 Suel
1656 895 1709 950 Dr.
1730 912 1745 950 e
1764 895 1809 950 nel
1829 895 1864 950 R.

625 1129 751 1200 1800a.
768 1166 812 1180 -
830 1151 847 1194 «
865 1133 973 1198 Sacrae
997 1132 1154 1197 Gaesareae
1166 1135 1179 1211 Ι
1192 1133 1368 1199 Maiestatis
1385 1131 1569 1205 declaratio,
1583 1137 1596 1213 Ι
1610 1131 1765 1216 quomodo
1788 1132 1821 1195 in
1846 1133 1979 1216 negocio
2006 1131 2170 1217 religionis

665 1232 668 1250 '
775 1243 862 1323 pert
879 1239 1053 1324 Imperium
1083 1259 1151 1322 usq;
1175 1238 1216 1304 ad
1245 1236 1428 1304 definitione
1459 1239 1590 1324 Concilij
1624 1237 1786 1324 generalis
1809 1239 1857 1302 vi·
1873 1243 1885 1319 Ι
1903 1237 2041 1304 nendum
2064 1239 2113 1310 sit,
2139 1239 2172 1302 in

776 1345 918 1432 Comitijs
940 1344 1136 1432 Augustanis
1159 1366 1216 1414 xv.
1242 1348 1360 1433 Maii]
1376 1347 1471 1410 Anno
1499 1346 1592 1411 1548.
1617 1347 1789 1430 proposita,
1814 1350 1847 1410 et
1872 1344 2050 1430 publicata:
2075 1351 2107 1410 et
2129 1345 2169 1410 ab

776 1454 878 1518 omni-
894 1457 906 1534 Ι
922 1452 981 1519 bus
1013 1454 1140 1539 Imperij
1167 1453 1330 1520 ordinibus
1352 1459 1491 1537 recepta,
1517 1453 1534 1516 ὸ
1559 1454 1727 1519 Germani·
1744 1457 1757 1532 Ι
1774 1472 1813 1517 ca
1835 1453 1946 1538 lingua
1968 1454 2001 1516 in
2025 1453 2170 1517 Latinam

775 1559 869 1644 quam
892 1561 1041 1646 proxime
1064 1558 1134 1624 lieri
1147 1564 1160 1640 Ι
1172 1563 1282 1646 potuit,
1308 1579 1413 1632 versa,
1432 1555 1465 1628 A
1481 1560 1578 1644 ipsius
1594 1560 1770 1624 Maiestatis
1794 1561 1879 1624 iussu
1892 1561 1905 1638 Ι
1918 1559 2018 1644 Typis
2041 1577 2169 1634 excusa,

774 1687 817 1732 ne
840 1673 894 1733 aut
917 1669 976 1753 ipsi
999 1669 1139 1753 proposi·
1150 1673 1162 1749 Ι
1175 1669 1262 1740 tioni
1280 1674 1335 1732 aut
1350 1667 1470 1752 scripto
1494 1667 1577 1751 quod
1599 1666 1760 1751 subsequi·
1774 1671 1785 1747 Ι
1798 1671 1861 1740 tur,
1879 1665 2087 1733 scribentium
2113 1685 2170 1730 va-

776 1776 899 1848 rietate,
914 1781 926 1855 Ι
939 1776 1043 1859 quiem
1067 1776 1166 1860 possit
1193 1775 1264 1840 eddi
1277 1777 1290 1855 Ι
1302 1774 1355 1840 vel
1378 1773 1513 1840 detrahi.
1528 1780 1541 1854 Ι
1555 1773 1632 1838 (lum
1658 1775 1772 1840 Gratia
1795 1769 1829 1840 a
1851 1773 2020 1858 priuilegio
2037 1777 2049 1854 Ι
2066 1776 2171 1858 Impe-

776 1881 1092 1967 riali.lAugustee
1121 1882 1369 1948 Vindelico·
1381 1883 1395 1962 Ι
1408 1901 1493 1946 rum
1518 1879 2167 1966 PhilippusVlhardussexcudebat.›

776 1988 887 2055 Senta
910 2008 1001 2056 anno
1025 1987 1170 2076 (tolet).

828 2111 858 2166 ln
877 2112 907 2177 43
926 2129 988 2182 pag.
1008 2129 1063 2166 uon
1082 2117 1234 2167 numerate.

624 2325 744 2397 1801t.
769 2365 813 2378 -
839 2329 1050 2410 ‹Formulal
1064 2329 1301 2394 reformationis
1313 2332 1326 2408 Ι
1338 2348 1397 2413 per
1420 2347 1593 2393 caesaream
1617 2329 1814 2393 maiestatem
1832 2333 1844 2408 Ι
1860 2327 1993 2394 statibus
2017 2327 2169 2392 ecclesia-

778 2437 865 2501 sticis
888 2438 920 2500 in
933 2440 946 2516 Ι
959 2437 1101 2502 Comitiis
1123 2437 1318 2522 Augustanis
1333 2435 1374 2500 ad
1394 2434 1633 2501 deliberandum
1647 2440 1659 2514 Ι
1673 2435 1843 2520 proposita,
1865 2441 1897 2500 et
1919 2434 1958 2499 ah
1983 2435 2112 2507 eisdem,
2136 2440 2171 2500 ut
2191 2459 2197 2474 ·

777 2542 848 2626 paci
872 2539 1007 2626 publicae
1020 2545 1032 2623 Ι
1046 2541 1252 2606 consulerent
1267 2538 1351 2625 (etc.)
1364 2545 1376 2621 Ι
1388 2538 1523 2625 probata
1539 2537 1573 2608 tls
1590 2560 1638 2606 re
1650 2545 1663 2622 Ι
1676 2547 1776 2627 cepta.
1791 2543 1805 2620 Ι
1817 2543 1895 2607 Cum
1911 2541 1996 2626 (etc.)
2009 2546 2022 2621 Ι
2035 2543 2188 2628 Augu·'

776 2652 847 2710 stae
873 2647 1398 2732 Vindelicoruthhilippus
1423 2647 1901 2727 Vlhardustexcudehat»
1928 2645 2135 2714 Senz'anno.

829 2769 857 2821 ln
878 2771 909 2831 43
928 2785 990 2838 pag.
1011 2785 1064 2822 non
1087 2774 1237 2824 numerate.

623 2979 712 3051 1802
721 3004 748 3050 c.
771 2981 884 3052 usuri
910 2985 1078 3051 lohannes.
1099 3022 1143 3035 -
1161 3007 1178 3048 s
1196 2985 1287 3062 Quod
1310 2984 1343 3050 fi·
1355 2991 1367 3067 Ι
1380 2987 1436 3051 des
1459 3005 1529 3052 esse
1551 2989 1650 3072 possit
1663 2992 1676 3068 Ι
1688 2989 1756 3052 siue
1780 2987 1947 3062 charitate,
1965 3008 2019 3053 ex·
2030 2990 2043 3067 Ι
2055 2987 2169 3074 positio

777 3093 829 3174 pia
845 3097 877 3156 et
888 3096 901 3173 Ι
914 3092 1081 3157 catholica.
1096 3097 1109 3174 Ι
1120 3113 1179 3178 per
1193 3093 1368 3158 Iohannem
1381 3093 1438 3158 Fa·
1450 3097 1462 3173 Ι
1474 3092 1534 3164 bri,
1548 3094 1657 3159 Sacrae
1670 3094 1853 3178 Theologiae
1866 3094 2038 3159 Baccalau·
2046 3099 2058 3176 Ι
2067 3114 2168 3162 reum.

776 3197 875 3262 diuini
898 3197 989 3264 uerbi
1017 3201 1328 3279 concio-tuatorem
1341 3203 1353 3280 Ι
1367 3197 1450 3284 (etc.)
1467 3205 1479 3280 Ι
1496 3203 1691 3285 Augustae
1722 3201 2044 3265 Vindelicorum
2060 3205 2073 3280 Ι
2092 3201 2169 3265 Phi-

774 3304 879 3390 lippus
904 3305 1096 3371 Vlhardu
1106 3311 1145 3386 sl
1159 3305 1345 3371 excudebat.
1360 3310 1374 3386 Ι
1387 3309 1481 3371 Auno
1496 3355 1501 3369 .
1516 3327 1542 3371 u
1555 3325 1563 3372 ·.
1578 3326 1600 3370 n
1614 3357 1620 3370 .
1635 3326 1746 3373 xcvrn
1761 3357 1767 3370 .
1782 3308 1795 3385 Ι
1809 3307 1920 3372 Mense
1943 3307 2130 3390 Septembri.
2149 3329 2167 3370 »

828 3423 907 3488 ln1l3
927 3441 988 3494 pag.
1010 3442 1064 3480 non
1083 3430 1234 3480 numerate.

623 3637 710 3709 1803
718 3641 750 3708 d.
775 3639 927 3709 michael
951 3639 1172 3728 suffraganeus
1195 3645 1409 3729 moguntinus.
1427 3681 1470 3693 -
1488 3663 1505 3706 «
1524 3643 1615 3710 Sacri
1640 3663 1688 3707 ca·
1702 3648 1715 3724 Ι
1727 3645 1820 3709 nonis
1843 3645 1959 3709 missae
1971 3649 1983 3725 Ι
1996 3643 2170 3730 paraphra-

774 3749 855 3814 stica
878 3749 1020 3834 explica-
1033 3756 1045 3833 Ι
1058 3752 1103 3816 tio
1127 3747 1211 3836 (etc.)
1236 3751 1301 3816 Per
1313 3754 1325 3832 Ι
1338 3751 1530 3816 Michaelem
1554 3747 1799 3836 suffraganeum
1822 3751 1892 3815 Mo·
1905 3756 1917 3832 Ι
1930 3753 2108 3836 guntinum
2129 3751 2170 3816 ad

775 3856 860 3921 Cleri
877 3853 911 3924 a
926 3877 978 3943 po-
990 3863 1002 3938 Ι
1015 3858 1080 3942 puli
1103 3859 1270 3924 utilitatem
1294 3878 1370 3924 cou-
1384 3861 1397 3938 Ι
1410 3859 1539 3943 scripta.
1554 3862 1566 3938 Ι
1580 3857 1664 3945 (etc.)
1678 3863 1690 3938 Ι
1704 3861 1899 3944 Augustae
1922 3859 2169 3923 Vindelico-

775 3981 862 4026 rum
874 3967 888 4042 Ι
902 3961 1068 4048 Philippus
1092 3962 1307 4029 Vlhardus
1318 3966 1332 4045 Ι
1344 3963 1531 4030 exardebat.
1554 3985 1572 4029 a
1598 3963 1805 4032 Senz’anno.

828 4086 856 4141 lu
876 4088 907 4151 43
927 4105 989 4157 pag.
1009 4104 1062 4142 non
1082 4092 1234 4143 numerate.

830 4191 1041 4248 1800a-1803d
1060 4209 1267 4250 urscnussunn.
1287 4223 1320 4236 -
1340 4194 1406 4264 Lag.
1430 4211 1481 4249 con
1504 4212 1541 4248 nn
1562 4195 1648 4264 foglio
1669 4195 1697 4250 di
1719 4213 1755 4249 un
1778 4195 1870 4250 codice
1892 4197 2102 4250 membranaceo
2123 4195 2169 4249 del

772 4315 826 4354 sec.
845 4299 919 4366 XIV,
939 4304 1105 4356 contempte
1123 4319 1159 4356 un
1179 4303 1344 4357 frammento
1362 4302 1389 4356 di
1408 4303 1493 4357 dritto
1512 4318 1625 4358 romano
1646 4319 1696 4360 con
1715 4302 1817 4371 glossa.

825 4406 1014 4463 Nell’interno
1042 4407 1116 4463 della
1142 4408 1285 4478 legatum,
1308 4409 1335 4462 in
1361 4409 1510 4479 principio:
1529 4423 1546 4462 s
1566 4410 1595 4464 P.
1622 4410 1687 4464 136.
1711 4409 1739 4462 F
1758 4409 1804 4462 N⁰
1832 4410 1858 4463 7.
1875 4427 1892 4468 »
1910 4411 2007 4464 scritto
2032 4426 2082 4463 con
2108 4427 2168 4464 ma-

774 4513 826 4568 tita
847 4530 920 4570 uera.

620 4725 722 4796 1804.
746 4725 1020 4800 Schoonhovius
1043 4732 1234 4798 Florentius.
1260 4768 1303 4784 -
1329 4732 1563 4800 «Emblemata
1579 4736 1593 4814 Ι
1609 4709 1764 4800 Florentii
1788 4735 1927 4802 Schoon·
1939 4737 1951 4815 Ι
1964 4735 2052 4800 horii
2077 4735 2101 4798 I.
2132 4733 2166 4799 G.

772 4836 926 4910 Goudaui,
943 4841 956 4918 Ι
973 4839 1096 4904 Partim
1127 4839 1265 4904 Moralia
1277 4843 1292 4921 Ι
1309 4841 1425 4925 partim
1455 4842 1550 4906 etiam
1581 4840 1702 4908 Civilia.
1721 4847 1734 4922 Ι
1751 4843 1828 4908 Gum
1859 4841 1966 4907 latiori
1990 4839 2166 4907 eorundem

773 4944 914 5012 eiusdem
929 4949 943 5027 Ι
959 4945 1110 5012 Auctoris
1137 4948 1411 5033 interpretatione.
1430 4951 1443 5029 Ι
1460 4947 1627 5015 Accedunt
1657 4955 1689 5014 et
1718 4949 1783 5014 alia
1813 4947 1956 5034 quadam
1972 4953 1984 5030 Ι
2001 4949 2167 5014 Potmstia
