4820 6256
1299 423 1477 490 „64-

615 615 624 634 .
764 565 840 652 (inc.
865 569 902 634 in
925 568 1023 656 lepno
1045 585 1166 651 roppr.
1191 569 1226 634 la
1252 566 1425 642 Giaastizia
1450 567 1509 634 clue
1533 567 1618 634 liene
1646 566 1733 634 colla
1763 567 1878 634 desire
1906 585 1979 632 una
2008 567 2163 651 madae

758 675 889 762 poppae
912 676 947 740 la
967 674 1106 742 maistre
1128 675 1182 741 sul
1205 675 1336 741 cuculo
1359 674 1540 759 unicum
1554 675 1592 740 in
1611 676 1679 742 allo
1698 691 1800 741 corna
1813 692 1886 742 una
1901 674 1991 742 anta
2005 674 2036 739 si
2049 675 2161 762 lappe:

763 783 801 846 In
824 782 999 848 Sanctitate
1026 787 1059 847 et
1082 780 1207 848 lustitia
1235 800 1345 846 coram
1374 780 1465 868 ipso.)
1497 781 1701 848 Coloniae
1732 781 2013 867 Agrippinae,
2034 785 2048 863 Ι
2068 781 2161 867 Apud

762 892 915 954 loannem
940 887 1167 954 Kinckium
1190 886 1248 954 sub
1272 889 1489 956 Monooerote.
1503 892 1516 970 Ι
1529 890 1624 954 Anno
1649 908 1674 954 n
1688 937 1695 952 .
1711 907 1752 955 nc
1767 939 1773 952 .
1786 907 1824 954 x1
1841 908 1870 952 ›.

819 1013 848 1065 ln
868 1012 893 1065 4.

611 1207 735 1279 1895&
764 1207 974 1278 Havensius
1003 1209 1176 1276 Arnoldus.
1202 1246 1246 1259 -
1271 1209 1561 1276 «Commentarius
1575 1215 1589 1293 Ι
1605 1229 1715 1278 rerum
1739 1231 1760 1278 a
1782 1231 1829 1277 sa·
1845 1215 1857 1292 Ι
1874 1211 1939 1276 cris
1970 1209 2159 1296 prmsulibus

763 1320 795 1384 in
808 1323 822 1401 Ι
834 1319 947 1406 Belgio
970 1325 1142 1406 gestarum.
1161 1326 1174 1401 Ι
1190 1321 1334 1386 Auctore
1350 1323 1364 1401 Ι
1380 1320 1419 1384 R.
1444 1320 1480 1384 Ρ.
1506 1319 1651 1388 Arnoldo
1675 1319 1847 1386 Havensio.
1865 1323 1878 1402 Ι
1896 1318 1972 1404 (inc.
1997 1319 2034 1386 in
2062 1320 2159 1406 legno

761 1427 964 1511 espatmente
986 1428 1021 1494 ta
1047 1426 1220 1501 amezo,
1246 1427 1305 1494 ohe
1328 1427 1414 1494 new
1436 1427 1523 1494 colla
1545 1427 1660 1494 desire
1690 1447 1762 1495 unu
1791 1428 1903 1512 spado
1931 1446 1950 1492 e
1974 1426 2105 1514 pupplo
2127 1427 2163 1492 lu

761 1533 901 1600 necea
921 1536 975 1601 cul
998 1535 1128 1601 cucullo
1151 1535 1332 1617 unicum
1349 1534 1387 1599 in
1410 1535 1477 1600 alto
1500 1552 1603 1601 soora
1625 1553 1698 1601 una
1722 1535 1812 1601 tenio
1834 1534 1864 1601 si
1887 1535 1998 1621 ioppe:
2022 1535 2060 1598 In
2083 1533 2160 1601 Sau-

760 1641 918 1708 ctitateet
934 1641 1059 1706 Iustitia
1082 1661 1192 1706 coram
1215 1641 1307 1728 ipso.)
1331 1641 1533 1708 Coloniae
1561 1637 2070 1727 Agrippinae,lllxcudebat
2092 1639 2158 1706 Ste

763 1747 889 1833 phanus
912 1747 1200 1822 Hammerden,
1225 1747 1402 1835 sumptibus
1414 1753 1427 1830 Ι
1442 1748 1571 1814 Ioannis
1595 1747 1815 1834 Kinckij,l
1827 1748 1922 1812 Anno
1948 1765 2158 1813 uacui.»

817 1871 847 1925 ln
868 1869 892 1924 4.

818 1977 1034 2034 laona-laeee
1059 1991 1268 2034 miserrume.
1294 2006 1329 2020 -
1354 1977 1420 2048 Lag.
1446 1979 1474 2032 in
1502 1977 1576 2048 pelle
1604 1977 1693 2032 suine.
1719 2005 1753 2020 -
1778 1975 1960 2048 impressione
1987 1975 2111 2033 mumulo
2139 1976 2161 2032 0

763 2085 810 2142 nel
828 2085 881 2142 Dr.
900 2101 916 2141 e
934 2085 981 2140 nel
999 2083 1046 2141 R·

612 2283 709 2354 18⁰6.
731 2282 888 2371 Pighius
912 2285 1072 2353 Albertus.
1098 2321 1142 2336 -
1166 2286 1393 2352 ‹Controver-
1409 2290 1423 2367 Ι
1439 2286 1558 2351 siarum
1582 2286 1829 2372 praecipuarum
1845 2288 1859 2366 Ι
1876 2285 1914 2350 In
1938 2285 2075 2351 comitiis
2099 2287 2159 2352 lla·

762 2392 997 2477 tisponensibus
1019 2396 1136 2459 tracta-
1147 2395 1161 2474 Ι
1172 2393 1256 2467 terri,
1281 2389 1316 2460 Aa
1337 2391 1450 2476 quibus
1472 2411 1560 2458 nunc
1581 2393 1747 2477 potissimo
1769 2412 1827 2458 ex·
1843 2395 1856 2474 Ι
1872 2393 2013 2478 agitatur
2038 2393 2156 2460 Christi

763 2497 842 2564 fides
857 2496 892 2568 &
907 2499 1031 2586 religio,
1056 2499 1103 2566 di·
1115 2503 1128 2582 Ι
1140 2499 1253 2586 ligone,
1272 2496 1307 2568 a
1321 2499 1485 2567 luculenta
1503 2499 1684 2586 explicatio,
1698 2503 1712 2580 Ι
1724 2499 1790 2564 Per
1812 2498 1983 2565 Albertum
2008 2500 2158 2586 Pighium

762 2606 980 2693 Campensem.
994 2611 1007 2689 Ι
1020 2607 1218 2694 Cuiuscunq3
1241 2606 1371 2674 tandem
1393 2605 1467 2674 fldei
1490 2606 1600 2680 fueris,
1615 2606 1758 2693 (legisse
1781 2625 1845 2672 non
1869 2606 2052 2692 poenitebit.
2068 2607 2161 2688 sSin-

764 2711 913 2798 gailenum
943 2713 1236 2778 controuersiarum
1266 2714 1387 2799 capita,
1405 2717 1418 2794 Ι
1434 2731 1530 2778 versa
1560 2712 1688 2798 pagella
1718 2711 1879 2779 indicabit.
1896 2716 1910 2794 Ι
1927 2713 2129 2787 Parisiis,
2148 2720 2161 2796 Ι

764 2817 858 2904 Apud
882 2819 1029 2886 carolem
1053 2817 1269 2894 Guillard,
1293 2818 1351 2885 sub
1374 2819 1448 2885 Sole
1470 2838 1579 2892 aureo,
1593 2821 1672 2900 luia
1695 2818 1735 2884 ad
1758 2820 1793 2884 D.
1819 2818 1980 2886 Iacobum,
1997 2823 2009 2900 Ι
2026 2819 2120 2886 1549.
2139 2842 2157 2885 ›

817 2941 847 2995 ln
866 2941 892 3009 a,
910 2941 937 2996 n
955 2944 977 2996 r.
996 2941 1058 3009 aas,
1077 2944 1101 3011 (1
1123 2943 1242 3011 cunm).

816 3046 882 3117 Lag.
903 3048 931 3102 in
953 3047 1084 3118 semplice
1103 3064 1279 3119 pergamena.

499 3241 503 3250 '
610 3239 709 3312 18⁹7.
730 3241 903 3313 Hecelius
926 3246 1096 3313 Iohannes.
1114 3281 1157 3297 -
1175 3266 1193 3310 ‹
1210 3247 1421 3314 Serenissimo
1444 3244 1479 3316 ἃ
1496 3245 1722 3313 florentissimo
1747 3247 1891 3332 Principi
1903 3251 1916 3328 Ι
1929 3267 1968 3313 ac
1991 3247 2161 3328 Domino!

763 3351 931 3418 Fridcrico
947 3351 1073 3428 Quinto.
1087 3357 1100 3435 Ι
1114 3354 1226 3420 Comiti
1242 3354 1392 3420 Palatino
1412 3353 1453 3420 ed
1464 3358 1478 3435 Ι
1490 3353 1650 3427 Rhenum,
1664 3357 1677 3435 Ι
1691 3353 1722 3420 S.
1740 3355 1870 3440 Imperii
1886 3353 2039 3428 Electori,
2053 3358 2066 3436 Ι
2080 3353 2159 3418 Duci

764 3458 921 3533 Baiano,
935 3456 998 3528 &c
1008 3464 1021 3541 Ι
1030 3461 1164 3526 Domino
1178 3480 1251 3526 meo
1267 3461 1514 3528 clementissimo
1526 3465 1539 3544 Ι
1549 3460 1629 3526 Haec
1641 3463 1655 3541 Ι
1668 3460 1734 3526 Pro
1749 3461 1850 3527 Felici
1864 3465 1961 3546 atque
1976 3461 2160 3542 Diuturnes

764 3564 1003 3634 Gubernatione
1015 3571 1029 3649 Ι
1040 3573 1116 3635 vota
1127 3572 1141 3650 Ι
1153 3569 1206 3634 Ex
1222 3569 1346 3634 Natura
1360 3571 1522 3654 congesta,
1533 3571 1545 3647 Ι
1555 3571 1652 3635 quta
1670 3569 1823 3634 Naturam
1839 3566 1962 3654 digesta
1970 3573 1983 3649 Ι
1993 3567 2159 3634 Humilimi

763 3669 858 3738 officii
883 3669 917 3742 &
940 3673 1054 3741 debitae
1076 3675 1289 3744 observantiae
1319 3677 1399 3761 ergo
1428 3672 1524 3742 offert
1540 3679 1553 3757 Ι
1569 3675 1732 3741 lohannes
1760 3674 1910 3740 Herelius
1925 3678 1939 3755 Ι
1956 3674 2158 3761 Norimberg.

764 3778 954 3867 Paedagogei
985 3783 1089 3864 Anu-l
1100 3781 1268 3870 bergensis
1305 3784 1500 3869 Praeoeptor.
1518 3787 1531 3864 Ι
1547 3781 1766 3867 Ambergae
1802 3782 1900 3867 Typis
1934 3782 2162 3848 Schiinfel·

763 3887 1160 3970 diunissuoemv.»

817 4011 892 4065 1114.

815 4118 881 4188 leg.
901 4119 929 4172 in
948 4133 1117 4190 pergamena
1134 4119 1259 4176 colorata
1276 4120 1305 4174 in
1323 4119 1414 4175 verde.
1434 4147 1468 4163 -
1487 4117 1539 4174 Nol
1559 4117 1611 4173 Dr.
1632 4119 1811 4189 impressione
1829 4119 1953 4175 ceumale
1974 4120 2072 4174 derata
2097 4135 2162 4188 rsp-

763 4229 940 4294 presentante
951 4295 953 4300 ,
965 4225 993 4280 lo
1018 4229 1135 4280 stonum
1160 4225 1298 4296 palatino,
1317 4227 1346 4280 in
1365 4226 1424 4282 alto
1442 4227 1465 4280 si
1486 4225 1569 4296 legge
1594 4240 1646 4280 oon
1670 4225 1771 4282 lettere
1789 4227 1923 4296 impresse
1943 4227 1971 4280 in
1990 4241 2052 4280 oro:
2071 4239 2163 4280 ‹rnr-

763 4347 868 4386 nluico
888 4347 915 4384 V.
935 4347 1087 4388 lusorum.
1100 4349 1117 4384 D

611 4527 700 4599 1898
707 4549 739 4596 α.
764 4527 953 4599 Amoenus
976 4531 1236 4598 Guilelmus·
1257 4531 1432 4598 «Tabulae
1455 4533 1498 4597 vi·
1511 4535 1524 4614 Ι
1536 4533 1680 4618 gentium
1705 4551 1790 4596 nvnc
1812 4538 1908 4616 atqve
1920 4537 1932 4612 Ι
1945 4533 2160 4617 grassantium

762 4637 879 4722 passim
902 4637 1004 4702 haere
1016 4641 1029 4718 Ι
1041 4657 1119 4704 seon
1141 4639 1401 4705 anasceuasticae
1423 4644 1518 4723 atque
1541 4639 1726 4726 analyticae,
1750 4657 1792 4703 ex
1815 4639 1914 4726 varijs
1938 4640 2117 4720 Reuerenl
2129 4636 2160 4703 di

765 4744 801 4808 D.
826 4743 1015 4809 VVilhelmi
1040 4744 1175 4810 Lindani
1199 4744 1397 4811 Dordraceni
1421 4745 1453 4812 S.
1475 4745 1534 4810 Th.
1560 4747 1649 4812 Doct.
1675 4745 1724 4810 Re
1736 4749 1749 4826 Ι
1761 4745 1803 4832 gij
1830 4745 2021 4832 consiliarii
2042 4741 2077 4814 a
2101 4745 2161 4809 Re

763 4849 940 4916 uerendiss.
972 4851 1119 4938 Episcopi
1151 4852 1265 4939 Traje·
1281 4855 1294 4933 Ι
1310 4854 1428 4919 atensis
1458 4871 1517 4938 per
1548 4853 1685 4918 Frisium
1716 4851 1942 4938 Commissarij,
1973 4853 2054 4918 scri·
2069 4855 2083 4933 Ι
2099 4851 2161 4936 ptis

761 4959 971 5024 concinnate.
985 4961 998 5039 Ι
1011 4957 1095 5046 (etc.)
1108 4963 1121 5040 Ι
1135 4957 1210 5046 (inc.
1226 4959 1264 5024 in
1280 4961 1377 5046 tepao
1392 4960 1554 5044 cappati
1577 4960 1665 5027 deco
1689 4961 1749 5028 clue
1766 4964 1871 5044 porta
1892 4961 1978 5026 stelle
1996 4959 2105 5042 spolie
2127 4957 2159 5024 lo
