4820 6256
1309 439 1487 502 ...30-

771 584 842 664 post
864 567 1028 660 diluuium,
1053 578 1087 647 dr
1111 580 1164 646 SS.
1180 581 1431 666 lnpostolorum
1457 582 1531 646 Iesu
1555 581 1673 648 Christi
1694 581 1730 646 in
1755 581 1916 667 Europam
1928 584 1943 662 Ι
1955 579 2113 646 aduentus
2137 574 2171 647 cc

772 687 911 754 Coloniae
935 687 985 753 de
998 692 1010 769 Ι
1023 688 1216 754 scribuntur.
1231 692 1243 769 Ι
1256 689 1403 754 Authore
1427 687 1544 754 Iacobo
1567 689 1647 754 Mid·
1658 692 1672 770 Ι
1684 687 1869 776 dendorpio.
1884 693 1897 770 Ι
1910 687 1987 774 (inc.
2011 687 2049 752 in
2072 689 2169 773 legno

772 815 889 879 rappr.
913 815 986 860 aaa
1009 814 1136 862 corono
1159 801 1331 880 composta
1362 795 1398 860 di
1424 796 1543 882 sptpte
1566 815 1584 862 e
1605 797 1768 882 proppoli
1791 793 1915 880 d'uaa;
1936 797 1992 862 uel
2016 800 2129 862 amira
2152 790 2170 857 ὁ

772 901 797 966 il
819 909 940 969 molto:
965 921 1149 969 enunorcus
1162 908 1176 982 Ι
1189 922 1326 969 conone
1349 921 1431 968 auur
1443 904 1458 984 Ι
1472 921 1709 968 eeurourrnrrs
1722 909 1735 983 Ι
1748 921 1833 970 ava.
1859 922 1950 968 asir..
1976 903 2031 987 64)
2056 903 2173 969 ΟοΙο-

774 1009 868 1072 niae
883 1015 896 1089 Ι
913 1009 1007 1094 Apud
1034 1011 1217 1074 Maternum
1245 1009 1479 1075 Cholinum.
1497 1015 1511 1090 Ι
1529 1027 1764 1075 nourrii.
1779 1014 1792 1089 Ι
1807 1009 1885 1078 Cum
1910 1009 2064 1094 Priuileg.
2091 1010 2169 1074 Caes.

773 1115 835 1178 Ma.
861 1121 893 1180 et
915 1116 1110 1182 authoritate
1133 1116 1343 1182 ordinaria.»

828 1238 902 1292 1118.

827 1345 880 1401 Nol
905 1347 1095 1416 frontospizio:
1113 1361 1131 1400 c
1149 1347 1270 1401 Achillia
1297 1346 1330 1399 P:
1357 1347 1471 1416 Casserj
1496 1347 1530 1400 L:
1550 1346 1587 1398 16
1605 1363 1662 1400 cra.
1682 1349 1856 1420 Aupstdarpi
1881 1357 1988 1418 emptus
2013 1347 2172 1400 Nouembris

773 1455 840 1504 unni
859 1451 898 1504 15
903 1451 943 1504 72
964 1451 1071 1505 Crinito
1089 1453 1174 1506 stallo
1192 1455 1222 1506 ia
1241 1452 1368 1522 [alapiae
1390 1453 1546 1523 Cassiopea·
1564 1455 1698 1508 rutilante
1714 1455 1805 1524 οἷς.»
1825 1471 1874 1508 rus.

827 1557 893 1627 Lag.
913 1559 941 1612 in
961 1575 1051 1612 mezza
1071 1558 1144 1628 pelle
1163 1560 1250 1625 suine,
1270 1561 1410 1629 confregi
1430 1560 1457 1613 di
1477 1563 1610 1614 contorno
1628 1560 1662 1613 da
1682 1559 1816 1614 ambedae
1837 1561 1844 1613 i
1864 1559 1923 1614 lati.
1959 1639 1961 1646 Ι

622 1789 719 1859 1767.
742 1789 928 1860 Leoninus
951 1792 1113 1858 Albertus.
1140 1829 1183 1842 —
1209 1815 1226 1856 u
1245 1793 1421 1860 Rethorica
1433 1798 1445 1874 Ι
1458 1793 1584 1860 Alberti
1609 1795 1743 1859 Leonini
1757 1799 1803 1876 Ιο
1823 1793 2068 1861 Groenewoude
2080 1799 2092 1874 Ι
2105 1793 2173 1856 sive

776 1899 816 1964 de
831 1905 902 1964 arte
918 1899 1042 1965 dicendi
1057 1907 1069 1982 Ι
1083 1899 1173 1965 Libri
1196 1900 1267 1965 duo.
1281 1905 1294 1982 Ι
1307 1901 1452 1967 omnibus
1476 1901 1667 1986 eloquentiae
1691 1921 1769 1966 ean·
1782 1905 1794 1982 Ι
1808 1900 1923 1968 didatis
1937 1899 1978 1965 ad
1994 1900 2173 1970 dicendum,

774 2005 1018 2091 scribendumq';
1033 2011 1045 2088 Ι
1057 2007 1224 2074 utilissimi.
1240 2013 1252 2088 Ι
1266 2005 1342 2092 (tuo.
1367 2009 1404 2074 in
1431 2010 1529 2094 legno
1559 2028 1678 2092 rappr.
1704 2030 1753 2073 aaa
1782 2009 1912 2094 edificio
1945 2029 2008 2075 con
2037 2013 2120 2075 sotto
2145 2009 2176 2072 le

774 2113 906 2179 initiali
930 2115 966 2178 B.
991 2111 1048 2200 D.)
1073 2115 1219 2199 Spirae,
1233 2119 1246 2196 Ι
1259 2115 1358 2201 Typis
1382 2114 1541 2180 Bernardi
1565 2114 1757 2197 Albini,s
1770 2117 1855 2181 Ann.
1885 2117 2015 2180 1587.»

828 2237 858 2290 n
877 2237 903 2304 8,
921 2237 948 2291 <n
968 2253 1031 2308 pag.
1054 2237 1113 2304 151,
1132 2237 1171 2307 (5)
1191 2255 1207 2292 ο
1226 2239 1282 2306 (ιο)
1302 2238 1428 2293 blanche.

828 2345 895 2415 Lag.
915 2346 944 2399 in
963 2346 1043 2400 cuoio
1063 2362 1146 2400 rosso.
1165 2374 1201 2388 -·
1221 2346 1261 2400 Da
1279 2345 1413 2401 ambedue
1438 2347 1447 2399 i
1473 2345 1523 2400 lati
1549 2362 1616 2400 sono
1641 2347 1766 2416 impressi
1792 2349 1818 2402 iu
1845 2364 1893 2402 oro
1920 2347 1982 2400 nodi
2008 2347 2175 2400 intracoiati.

775 2453 862 2508 Dorso
880 2471 932 2508 con
951 2455 1021 2524 fregi
1041 2455 1139 2521 doreti,
1159 2471 1174 2508 a
1193 2455 1281 2524 taglio
1300 2455 1404 2510 dorato.

828 2559 1020 2616 Nell'interno
1038 2561 1112 2616 della
1130 2561 1273 2631 legatura:
1292 2562 1371 2617 «Pr.
1392 2563 1472 2620 Pr.»
1491 2563 1589 2617 scritto
1608 2580 1658 2617 con
1677 2565 1784 2618 metita.

775 2791 913 2862 Crocus
937 2793 1009 2860 Cor.
1027 2829 1041 2841 ·
1057 2791 1272 2863 lactantius
1296 2795 1477 2860 Firmianus
1499 2795 1547 2879 (L.
1574 2793 1630 2880 C).
1652 2831 1696 2844 -
1714 2815 1732 2857 «
1750 2795 1882 2862 Gomoa-
1894 2800 1908 2877 Ι
1921 2795 1973 2860 dia
1995 2811 2100 2866 sacra,
2124 2793 2176 2858 oui

775 2903 847 2968 titu·
859 2905 872 2982 Ι
884 2901 935 2966 Ιοο
951 2902 1077 2986 Ioseph,
1094 2901 1135 2966 ad
1151 2902 1342 2968 Christianae
1366 2903 1541 2968 iuuentutis
1563 2904 1608 2967 in·
1620 2905 1633 2984 Ι
1645 2904 1842 2971 stitutionem
1857 2904 1949 2970 iuxta
1964 2903 2053 2967 locos
2068 2903 2177 2966 inuen-

774 3009 869 3074 tionis
881 3011 895 3090 Ι
908 3015 1084 3093 ueteremq;
1100 3013 1212 3084 artem,
1231 3029 1317 3074 nuno
1332 3007 1536 3095 primuml&
1551 3011 1672 3095 scripta
1688 3015 1720 3076 et
1735 3011 1839 3080 aedita,
1858 3029 1916 3098 per
1933 3009 2005 3076 Cor.
2016 3012 2029 3090 Ι
2039 3008 2175 3074 Crocum

775 3113 1032 3180 Aemsterodami
1048 3117 1061 3195 Ι
1077 3113 1342 3200 ludimagistrum.
1361 3118 1374 3196 Ι
1390 3115 1443 3180 Ex
1477 3116 1576 3182 Cane.
1614 3135 1661 3180 ca.
1694 3115 1851 3182 XXXIX.
1885 3114 1962 3190 XL,
1995 3119 2028 3179 et
2058 3112 2176 3190 XLI.)

775 3221 909 3287 Abstine
933 3243 996 3296 sus,
1021 3240 1085 3287 non
1109 3221 1165 3287 tihi
1189 3223 1312 3308 spiro!
1326 3225 1542 3308 Augustae,
1574 3243 1633 3309 per
1656 3222 1878 3290 Alexandrum
1911 3222 2176 3300 Vueissen-l

776 3329 899 3402 horn,
916 3330 1051 3409 [Anno.
1078 3348 1382 3396 u.o.xxx1x.>
1412 3365 1456 3380 -
1484 3329 1602 3416 Sapua,
1626 3329 1652 3413 Ι.
1677 3328 1745 3416 (27)
1769 3336 1873 3418 tergo,
1898 3348 2002 3396 senza
2031 3326 2178 3410 speciale

775 3434 1016 3520 frontespizio:
1041 3436 1167 3501 «Lucii
1192 3436 1291 3503 Coelii
1314 3435 1474 3504 Lactantii
1490 3440 1502 3517 Ι
1519 3437 1674 3501 Firmiani
1702 3456 1834 3502 carmen
1860 3436 1901 3502 de
1928 3436 2076 3520 passione
2088 3437 2102 3514 Ι
2115 3433 2177 3498 Do-

776 3543 900 3606 mini.»
927 3543 1007 3608 lacti
1029 3543 1059 3609 sa'
1083 3548 1224 3610 trocono
1244 3541 1294 3609 33
1305 3543 1435 3630 papiae
1456 3562 1534 3610 mss.
1560 3543 1596 3608 di
1618 3563 1721 3610 mano
1745 3543 1799 3610 del
1815 3562 1878 3610 see.
1896 3543 1997 3606 XVI:
2022 3541 2180 3605 «Eorum

778 3667 848 3732 quae
877 3650 909 3712 in
937 3649 1107 3714 Comoedia
1122 3650 1249 3735 ,Ioseph
1277 3655 1419 3736 praeter·
1435 3655 1447 3731 Ι
1464 3651 1560 3715 missa
1587 3657 1660 3716 sunt
1692 3650 1969 3735 paraphrasticos,
1995 3645 2178 3733 Appeudix,

778 3755 936 3840 ooscripta
956 3758 968 3834 Ι
988 3775 1047 3839 per
1080 3755 1256 3820 Iohannem
1293 3754 1609 3840 Xufflnllerum
1638 3777 1667 3818 r.
1702 3757 1744 3820 ln
1773 3755 1840 3840 fine
1869 3774 1950 3822 sono
1982 3754 2023 3818 16
2050 3751 2181 3836 papiae

781 3861 930 3930 bianche.

831 3986 859 4039 ln
879 3987 905 4052 8,
920 3986 948 4040 di
961 3989 979 4040 s.
994 3986 1051 4056 (31)
1065 3986 1164 4042 asclusi
1184 3988 1193 4040 i
1212 3988 1259 4057 gila
1278 3988 1402 4043 desoritti
1422 3988 1489 4055 sogli
1510 4005 1587 4052 mss.;
1607 3992 1745 4042 carattere
1766 3985 1867 4040 italico.
1883 3985 2071 4053 Froiitespizio
2092 3984 2182 4036 incor-

776 4093 881 4146 niciato
899 4092 935 4146 da
953 4092 1025 4162 fregi
1046 4093 1125 4146 incisi
1145 4093 1172 4146 in
1189 4093 1280 4163 legno.

830 4197 948 4254 Postilla
966 4215 1029 4252 mse.
1049 4199 1077 4252 in
1097 4213 1174 4253 rosso
1193 4201 1236 4255 nei
1258 4201 1376 4269 margini
1398 4216 1413 4254 a
1433 4199 1507 4256 nelle
1526 4199 1680 4255 interlinee.

622 4428 709 4499 1769
718 4431 747 4498 b.
771 4428 944 4500 Nubcrus
967 4433 1073 4499 Vitus.
1097 4469 1143 4482 -
1167 4433 1318 4513 ‹Collol
1330 4434 1478 4517 quiorum
1509 4433 1577 4498 ior·
1593 4435 1606 4513 Ι
1622 4433 1718 4500 mulae
1749 4453 1809 4518 pro
1839 4433 1981 4517 pueroru'u
2011 4451 2089 4502 usu,
2107 4432 2120 4509 Ι
2137 4448 2179 4493 ex

774 4539 901 4604 Erasmi
925 4537 1102 4627 colloquijs,
1121 4545 1209 4626 sper
1232 4540 1344 4607 Vitam
1370 4539 1471 4604 Nube·
1486 4543 1499 4620 Ι
1516 4540 1565 4613 rui,
1590 4540 1623 4602 in
1647 4537 1799 4625 dialogos,
1816 4543 1829 4617 Ι
1846 4557 1919 4604 oum
1945 4555 2061 4602 verna·
2077 4539 2090 4614 Ι
2107 4534 2182 4600 cuda

775 4646 990 4731 cosorilptae.
1019 4647 1221 4732 Augustae
1249 4641 2183 4726 Vin-[delirorumlAnnon.u.lxxxv11.»In

775 4754 885 4836 finer«
902 4754 1118 4838 Augustae
1134 4749 1218 4838 (etc.)
1231 4751 1395 4818 Henrious
1411 4751 1454 4818 St
1465 4771 1598 4837 eynor
1607 4755 1620 4832 Ι
1629 4749 1818 4824 excutiebat,
1831 4751 1943 4815 Mense
1959 4751 2017 4815 De·
2026 4753 2038 4830 Ι
2048 4746 2183 4813 cembri.

776 4861 882 4927 Anno,
897 4863 909 4939 Ι
923 4859 1007 4946 (eto.)
1025 4879 1055 4935 »3
1079 4861 1117 4925 iat
1140 4861 1245 4926 latino
1270 4879 1288 4925 e
1311 4859 1449 4925 tedesco.

832 4983 859 5034 ln
880 4982 906 5048 8,
925 4981 952 5034 di
971 4983 989 5034 f.
1009 4981 1089 5048 (tae
1113 4983 1120 5034 l
1144 4983 1263 5050 bianco).
1285 4981 1473 5050 Frontespizio
1493 4981 1675 5034 ineornioiato
1694 4979 1727 5033 da
1746 4981 1816 5049 fregi
1838 4981 1916 5034 incisi
1937 4981 1964 5032 in
1984 4979 2077 5046 legno.
