4798 6260
1301 423 1502 489 -126-

623 563 717 634 2119.
741 563 913 635 Nicolaus
936 568 1064 632 Deniise
1088 566 1146 652 (De
1171 567 1267 654 Nyse
1293 567 1484 654 Dionysius).
1509 603 1553 617 -

1109 749 1126 791 s
1145 730 1316 796 Sermones
1340 729 1379 795 de
1403 729 1505 796 Saetis
1534 677 1710 848 Εέῗῐὲῗὴε

1589 805 1622 849 ru
1656 803 1690 849 es

1283 945 1322 958 ..
1376 946 1381 957 .
1533 891 1604 957 Ielu
1628 892 1738 958 chtisti

1147 944 1193 1009 Da
1217 943 1443 1010 festrurtatrbus
1531 998 1585 1064 bt&
1607 999 1743 1085 virginis

775 1107 807 1166 et
829 1104 926 1192 aliong
950 1104 1111 1192 Sonoto‘lp.
1138 1104 1177 1170 de
1200 1109 1284 1188 quot.
1310 1105 1423 1189 quibus
1439 1109 1452 1187 Ι
1468 1111 1500 1171 et
1521 1105 1593 1171 vbi:
1617 1105 1690 1172 vide
1717 1106 1794 1172 lolio
1823 1106 1965 1191 sequenti
1981 1110 1995 1188 Ι
2011 1105 2174 1173 Ueneriadi
2391 1167 2392 1210 ,

773 1213 883 1296 putris.
908 1212 1020 1278 fratris
1052 1213 1174 1278 Nicolal
1187 1218 1199 1295 Ι
1212 1212 1330 1278 doniise
1361 1213 1494 1280 Ondinis
1517 1215 1640 1302 Minoog
1663 1214 1703 1279 de
1726 1213 1834 1279 obser:
1846 1218 1859 1295 Ι
1872 1215 1980 1279 uantia
2006 1215 2175 1300 pzouinoie
2390 1289 2392 1308 ἵ

772 1317 898 1394 francie
920 1321 1091 1405 psouinoia
1102 1323 1116 1401 Ι
1128 1321 1167 1386 lis
1183 1322 1295 1386 vicarii
1314 1341 1343 1385 s.
1362 1319 1426 1386 Nel
1441 1340 1538 1387 uerso
1555 1321 1609 1387 del
1627 1320 1864 1405 frontespizio:
1882 1340 1899 1385 e
1919 1321 2173 1408 Calchographo:
2391 1311 2392 1334 l

772 1425 884 1513 quida3
893 1429 907 1506 Ι
916 1427 1020 1492 frater
1038 1427 1163 1493 Minoa:
1189 1428 1347 1493 Sermonis
1370 1427 1536 1511 sequentiii
1549 1431 1561 1509 Ι
1574 1429 1724 1514 paeconis
1746 1427 1887 1494 subditus
1909 1429 2056 1494 imeritus
2072 1449 2090 1493 ›
2107 1429 2174 1512 epi

688 1585 689 1588 ,
771 1532 860 1597 stola
881 1551 985 1598 senza
1008 1533 1098 1600 doto.
1123 1535 1161 1599 F.
1183 1531 1228 1620 (2)
1243 1533 1364 1600 indiae.
1389 1535 1427 1599 F.
1454 1531 1625 1620 (mersor
1645 1533 1802 1602 «Tabula
1824 1536 1974 1600 materia:
1987 1539 2001 1616 Ι
2016 1555 2087 1602 rum
2111 1535 2175 1600 ler-

771 1639 870 1703 momi
892 1638 931 1704 de
955 1640 1036 1705 chio
1061 1646 1093 1706 et
1116 1642 1184 1706 eius
1206 1646 1319 1706 matre.
1339 1662 1357 1706 »
1376 1640 1570 1726 olsobatiom
1586 1641 1712 1728 piuape
1734 1643 1802 1727 fisso
1826 1643 1861 1708 ot
1883 1649 1973 1710 reato
1996 1643 2051 1716 det
2072 1643 2098 1727 f.
2116 1643 2171 1730 (6).

772 1745 811 1809 F.
836 1765 862 1810 1:
890 1747 1095 1812 «Sermones
1119 1745 1203 1833 (eto.)
1226 1768 1286 1834 per
1309 1746 1497 1814 venerandi
1520 1768 1559 1833 pa
1577 1751 1590 1830 Ι
1605 1753 1657 1813 tre
1680 1749 1784 1814 fratre
1812 1750 1944 1815 Nicolai
1973 1749 2094 1837 denijle
2109 1754 2123 1832 Ι
2139 1751 2172 1814 in

770 1849 864 1916 baoui
892 1853 1013 1919 redacti
1039 1855 1194 1939 incipiunt
1210 1859 1223 1937 Ι
1239 1855 1387 1920 feliciter.
1413 1876 1430 1918 ›
1456 1857 1499 1920 Im
1521 1855 1598 1942 fine,
1622 1857 1648 1938 Ι.
1674 1874 1846 1922 ootxxxrx
1868 1876 1982 1924 verso:
2002 1877 2024 1934 ¹«
2042 1857 2173 1924 Finiunt

771 1957 933 2026 sermones
949 1960 1050 2048 (eto.):
1067 1965 1178 2048 impet
1204 1963 1291 2027 deni:
1306 1966 1320 2044 Ι
1333 1981 1369 2049 q3
1394 1962 1582 2048 oirosilpeoti
1600 1964 1663 2027 viri
1681 1964 1788 2030 Ioainis
1809 1965 1840 2029 R
1846 1983 1998 2050 ynman
2022 1963 2062 2029 de
2078 1963 2173 2031 Ozin-

769 2085 844 2150 gaw
866 2067 1146 2154 archibibliopole:
1170 2070 1204 2134 in
1228 2067 1280 2133 offi
1292 2073 1306 2149 Ι
1319 2071 1392 2134 cina
1415 2063 1559 2134 industrii
1584 2070 1719 2135 Henrici
1743 2071 1872 2137 Gian:
1901 2072 1935 2136 in
1959 2071 2052 2157 opido
2076 2073 2172 2156 impe·

768 2172 842 2237 riali
867 2174 1079 2259 Hagenaw
1104 2177 1193 2248 einis,
1205 2176 1310 2260 implli
1323 2179 1336 2258 Ι
1349 2177 1444 2241 Anno
1472 2179 1576 2262 gratie
1593 2227 1599 2240 .
1618 2176 1697 2242 de
1716 2228 1722 2240 .
1739 2177 1790 2242 die
1820 2182 1926 2243 autem
1945 2228 1951 2242 .
1969 2179 2028 2243 xix
2055 2177 2173 2243 menfis

771 2280 881 2346 Martii
904 2278 997 2346 nnius
1019 2282 1204 2348 feliciter.»
1231 2282 1340 2369 Seque
1362 2303 1411 2348 uo
1433 2281 1458 2366 Ι.
1482 2274 1599 2351 ooauo.

822 2403 853 2456 ln
872 2404 897 2471 l,
916 2404 943 2458 di
962 2406 981 2458 f.
1000 2405 1050 2476 (6),
1069 2421 1216 2473 oonxxxsx,
1234 2406 1283 2478 (l),
1303 2423 1320 2460 a
1338 2406 1390 2461 due
1416 2406 1532 2461 colonne
1556 2407 1583 2460 di
1609 2407 1689 2476 righo
1708 2408 1739 2461 51
1761 2409 1929 2476 (massimo),
1948 2423 2004 2462 non
2029 2423 2172 2477 compress

770 2508 993 2578 l'intestaziona3
1006 2512 1035 2565 in
1050 2513 1181 2566 caratteri
1200 2513 1294 2582 gotioi.
1313 2512 1336 2566 ll
1355 2517 1529 2583 tresparente
1542 2512 1694 2586 (filigrana)
1707 2513 1781 2569 della
1797 2517 1874 2568 carta
1893 2518 2081 2584 rappresenta,
2094 2529 2172 2568 nome

768 2619 885 2685 sembra,
904 2635 960 2672 una
978 2623 1051 2674 testa
1069 2619 1096 2673 di
1116 2635 1204 2674 cervo.

823 2723 938 2779 Postille
957 2726 1106 2795 marginali
1124 2744 1188 2780 mss.

821 2829 887 2898 Leg.
907 2831 936 2884 in
955 2830 1028 2900 pelle
1047 2832 1074 2885 di
1093 2832 1199 2888 vitello.
1213 2861 1248 2874 -
1262 2833 1314 2888 Nel
1327 2833 1380 2888 Dr.
1394 2834 1574 2904 impressione
1594 2833 1717 2889 centrals
1729 2837 1754 2889 A
1767 2851 1818 2888 oon
1837 2833 1866 2888 la
1885 2834 1950 2888 data
1964 2835 2026 2887 155
2029 2837 2061 2901 5,·
2074 2833 2120 2888 nel
2133 2833 2171 2888 Β.

768 2936 847 3005 impr.
867 2940 953 2991 contr.
974 2939 1006 2991 Β.
1028 2937 1146 2993 Borohie
1164 2940 1261 2994 dorato
1281 2940 1338 3009 agli
1360 2940 1463 3010 augeli.
1480 2939 1522 2995 Da
1539 2941 1673 2996 ambsdne
1689 2941 1697 2995 i
1715 2941 1766 2996 lati
1782 2941 1942 3010 stampiglis
1954 2940 1981 2994 di
1995 2945 2129 2996 contoruo
2149 2959 2172 2994 c.

615 3128 742 3200 2120a.
767 3130 948 3201 (isauricus
980 3136 1093 3202 Lucas.
1112 3173 1127 3184 -
1142 3135 1345 3206 Montulmo
1375 3138 1439 3226 (de)
1469 3141 1637 3205 Antonius.
1662 3175 1706 3189 —
1731 3160 1748 3203 s
1771 3141 1940 3204 Traotstvs
1957 3142 1971 3220 Ι
1986 3137 2170 3224 astrologiae

767 3239 883 3306 ivdioia
891 3245 904 3323 Ι
916 3243 973 3306 riae
989 3241 1028 3308 da
1044 3244 1261 3310 nativitatibus
1275 3247 1418 3310 virorum
1427 3247 1440 3326 Ι
1449 3243 1484 3313 <la
1498 3219 1676 3320 mulierum,
1690 3251 1704 3328 Ι
1716 3247 1907 3331 compositus
1924 3264 1984 3330 per
1999 3246 2034 3309 D.
2049 3246 2169 3310 Lucam

768 3348 941 3413 Gaurioum
967 3351 1013 3414 Ne
1025 3353 1038 3430 Ι
1050 3351 1255 3436 spolitanum,
1280 3373 1322 3417 ex
1345 3353 1519 3418 Ptolemaeo
1537 3349 1658 3439 &alijs
1673 3352 1837 3418 autoribus
1849 3357 1862 3433 Ι
1875 3351 2077 3437 dignissimis,
2095 3371 2168 3416 cum

765 3455 874 3518 multis
890 3456 1082 3541 aphorismis
1097 3477 1153 3521 ex:
1167 3463 1180 3539 Ι
1192 3459 1293 3544 pertis
1309 3455 1343 3526 ἃ
1359 3459 1572 3545 comprobatis
1587 3458 1627 3524 ab
1642 3459 1763 3525 eodem.
1774 3464 1787 3542 Ι
1796 3459 1913 3525 Addito
1929 3461 1962 3524 in
1978 3457 2043 3524 fine
2058 3457 2170 3523 libello

766 3561 896 3647 Antonij
916 3561 954 3628 de
970 3563 1157 3636 Montulmo,
1171 3568 1185 3644 Ι
1197 3564 1237 3630 de
1253 3565 1364 3630 eadem
1388 3585 1434 3640 re,
1452 3586 1524 3631 oum
1547 3566 1805 3632 annotationibus
1821 3567 1952 3632 Ioannis
1972 3566 2011 3630 de
2024 3569 2037 3647 Ι
2050 3566 2166 3650 Regio

765 3671 883 3742 monte,
897 3667 1053 3735 hactenus
1068 3673 1167 3758 nusip3
1184 3671 1348 3756 impresso.
1363 3675 1376 3754 Ι
1391 3673 1675 3759 Norimbergae
1698 3673 1781 3758 apud
1802 3673 1913 3737 lohan.
1932 3673 2168 3744 Petreium,

766 3792 850 3838 anno
880 3775 991 3840 salutis
1015 3795 1040 3841 n
1055 3827 1061 3840 .
1076 3797 1098 3842 o
1111 3827 1117 3840 .
1131 3796 1234 3843 xn.»
1259 3813 1302 3828 —
1326 3778 1445 3865 Seque,
1471 3799 1534 3847 oon
1558 3778 1778 3863 frontespisio
1809 3779 1954 3862 speciale
1977 3798 1996 3844 e
2017 3778 2162 3864 requiro

765 3879 917 3946 diverso:
942 3883 1110 3948 «Antonii
1135 3883 1174 3949 de
1186 3887 1199 3965 Ι
1212 3885 1399 3959 Montvlmo,
1423 3887 1507 3972 (eto.)
1531 3885 1570 3951 de
1593 3885 1718 3972 ivdioijs
1743 3887 1950 3953 Natiuitatum
1973 3883 2058 3950 liber
2080 3904 2163 3970 prae-

766 3985 972 4052 clarissimus.
991 3986 1075 4075 (aio.)
1088 3993 1101 4070 Ι
1117 3990 1337 4077 Norimbergae
1352 3991 1438 4076 (eto.)
1453 4013 1479 4058 m
1493 4041 1500 4057 .
1514 4012 1535 4057 n
1550 4043 1556 4056 .
1571 4012 1616 4058 xn
1629 4043 1636 4056 .
1650 3996 1663 4073 Ι
1677 3992 1789 4057 Mense
1812 3993 1966 4078 Augusto.
1985 4012 2003 4056 »

818 4108 847 4162 ln
867 4109 892 4176 l,
911 4111 937 4164 ai
957 4113 976 4165 f.
996 4112 1063 4181 (aa).

610 4299 692 4370 2121
702 4303 730 4370 b.
749 4301 996 4389 (Camerarius
1012 4311 1235 4393 [Kimmerer]
1256 4311 1422 4398 Ioaohim).
1439 4347 1482 4362 -
1500 4332 1517 4376 s
1532 4313 1671 4378 Tabvlae
1680 4317 1693 4394 Ι
1701 4314 1936 4378 astronomicae
1951 4313 1985 4377 in
2001 4311 2166 4398 gratiam!

761 4412 921 4480 stvdiosae
936 4417 1109 4483 ivventvtis
1118 4422 1132 4499 Ι
1140 4419 1273 4484 seorsim
1290 4417 1403 4483 editae.
1414 4423 1428 4501 Ι
1437 4420 1483 4484 De
1498 4419 1736 4486 ascensionibus
1748 4421 1878 4504 signo!
1887 4439 1959 4484 rum
1976 4420 2008 4482 in
2025 4419 2167 4504 sphaera

761 4525 861 4594 recta,
880 4516 914 4588 81
929 4522 1057 4606 obliqua
1071 4523 1112 4587 ad
1125 4527 1138 4605 Ι
1150 4523 1349 4589 latitudinem
1366 4524 1418 4590 52.
1436 4525 1603 4610 graduum.
1617 4528 1630 4606 Ι
1642 4527 1788 4591 Aooessit
1811 4523 1845 4593 ba
1869 4525 2016 4598 Schema,
2037 4523 2165 4590 umbra·

761 4644 833 4690 rum
845 4631 859 4706 Ι
873 4629 1016 4695 rationes
1031 4629 1212 4696 ostendens.
1226 4633 1240 4712 Ι
1253 4630 1585 4717 Witembergae.
1605 4653 1622 4697 s
1641 4631 1837 4698 Seaz'oauo
1853 4651 1986 4700 enoate
2005 4632 2041 4698 di
2063 4637 2164 4698 stam·

757 4737 891 4814 patore.

815 4855 845 4908 ln
865 4855 891 4923 4,
910 4857 936 4910 di
957 4859 976 4910 f.
997 4858 1044 4926 (4).

812 4961 864 5017 Nol
884 4965 1009 5034 margine
1031 4967 1164 5024 inferiore
1182 4967 1227 5024 del
1246 4968 1431 5038 frontespizio:
1450 4982 1466 5022 s
1487 4971 1632 5037 Ulsrich:
1657 4972 1777 5026 Veitsoaot
1795 4975 1867 5028 iiii»
1884 4989 1935 5024 ms.
